2237 3068
272 206 346 247 181
597 208 634 243 P

498 272 511 295 1
549 273 563 295 1
590 275 618 309 ·9
646 273 680 297 o.

256 310 432 347 Dominus
461 312 661 347 Gulielmus
697 311 891 360 praedifiius
924 312 965 347 de

204 361 273 398 osa
300 360 441 409 potestas
474 362 627 398 Paduae.
654 364 707 398 Eo
734 372 892 407 tempore
930 376 966 397 0-

205 412 274 449 biit
315 414 508 460 Imperator
551 412 751 448 Fredericus
801 413 839 449 in
879 426 966 461 aqua

205 461 363 498 fluminis
404 462 539 509 Caleph
581 463 618 498 in
662 463 866 504 Armenia,
905 463 966 511 qui

205 512 276 549 fuit
325 512 456 549 ele-stus
511 515 585 549 Rex
636 516 877 550 Romanorum
929 514 966 550 in

208 574 340 609 1:151„
366 564 400 599 δι
428 562 540 613 postea
567 574 752 601 coronatus
774 567 967 614 Imperator

206 626 316 661 1154

499 677 515 700 1
550 677 566 701 1
597 678 620 713 9
652 677 682 702 1.

258 713 436 751 Dominus
463 716 664 752 Gulielmus
689 716 879 764 praediatus
902 718 967 752 1³0-
1016 724 1039 749 53

207 764 306 801 testas
336 766 490 802 Paduae.
513 768 565 802 Eo
587 776 744 814 tempore
767 766 876 803 fastus
899 767 966 802 fuit

207 817 302 852 Pons
340 817 487 852 Brentae
523 817 565 852 de
602 819 765 862 Horma,
793 819 827 853 &
857 817 966 853 fabiae

207 865 349 903 fuerunt
384 868 514 903 Turres
550 867 778 912 Canfreduli,
805 868 966 904 stationes

207 916 558 957 Corezariorum,.&
583 917 834 954 Merceriarum
862 920 964 955 Com-

206 966 324 1003 munis
363 967 520 1010 paduae,
547 966 583 1003 &
619 968 824 1004 Petronium
852 982 873 1004 a
899 968 966 1004 fru-

207 1016 342 1053 ffibus.
370 1019 418 1053 Et
454 1017 632 1053 Henricus
659 1016 751 1053 filius
779 1018 966 1065 supradifi’ci

205 1065 382 1102 Frederici
430 1066 654 1113 Imperatoris
697 1078 882 1104 coronatus
922 1068 967 1103 est

206 1117 359 1152 Romae.
387 1117 434 1151 Et
470 1115 720 1152 Cremonenses
757 1128 967 1154 necaverunt

204 1165 246 1202 set
265 1165 303 1202 in
331 1164 477 1202 flumine
504 1166 632 1211 Lolii‚
660 1167 816 1205 dicentes
842 1168 967 1205 melius

206 1215 273 1254 effe
298 1215 442 1257 necari,
466 1217 571 1264 quam
601 1217 692 1254 mori
708 1243 724 1254 0

497 1279 512 1303 ι
549 1279 567 1303 1v
595 1281 619 1315 9
648 1280 682 1304 2.

256 1316 435 1353 Dominus
478 1316 637 1354 Ubertus
681 1319 886 1356 Vicecornes
927 1320 968 1356 de

209 1368 391 1403 Placentia
431 1367 578 1403 Potestas
619 1369 773 1406 Paduae.
800 1373 853 1405 Eo
880 1380 967 1406 tem-

208 1430 292 1466 pore
319 1417 410 1453 fabia
438 1417 507 1454 fuit
536 1419 740 1456 Investitura
768 1420 865 1456 diae
897 1423 968 1456 Do?

207 1468 309 1504 mino
339 1469 471 1504 Uberto
498 1469 684 1516 recipienti
712 1484 775 1518 pro
802 1473 969 1507 Commu-

205 1517 254 1553 ni>
282 1518 417 1554 Paduae
454 1532 513 1567 per
547 1520 759 1569 Stephanum
790 1522 974 1557 Maricum‘

205 1566 421 1606 Communis
465 1570 628 1614 Groffli,
674 1576 709 1606 &-
751 1574 966 1621 Montagno-

204 1621 241 1654 ni
276 1620 378 1660 &c.‚.
411 1621 677 1669 quampluribus
716 1623 895 1659 montibus
932 1625 966 1658 &

206 1670 356 1706 collibus
399 1670 523 1719 positis
559 1671 596 1707 in
635 1674 892 1722 Montegrotho
928 1675 965 1711 in

206 1729 388 1761 contrata.
416 1735 503 1771 quae
531 1735 623 1759 nunc
652 1733 798 1760 vocatur
822 1724 964 1761 Monte-

205 1781 329 1806 novo:
371 1770 537 1808 solvendo
573 1773 700 1810 solidos
740 1777 815 1811 XX.
853 1779 964 1812 Vene-

205 1819 334 1856 tiarum
365 1835 548 1870 parvorum
578 1838 639 1871 pro
668 1826 828 1873 quolibet
856 1828 965 1863 Anno

204 1870 302 1907 disso
331 1871 470 1908 Marito
498 1886 559 1921 pro
586 1873 647 1910 suo
687 1878 890 1913 communi.
920 1880 964 1913 Et

206 1921 336 1957 Veneti
377 1922 538 1960 exierunt
582 1938 660 1960 cum
707 1926 765 1962 sex
808 1929 963 1964 Navibus

206 1975 362 2020 magnis,
399 1975 432 2009 &
471 1977 512 2010 X.
549 1976 667 2012 Gaieis
704 1977 742 2012 in
779 1978 894 2023 mari,
929 1981 969 2015 &—

207 2033 372 2068 ceperunt
399 2033 469 2059 tres
506 2028 621 2061 Naves
650 2040 814 2075 magnas,
841 2030 874 2064 8<
903 2029 962 2065 du-

206 2081 333 2108 xerunt
361 2075 526 2110 Venetias
553 2088 572 2123 3
612 2078 722 2112 millia
752 2088 890 2126 captos.
918 2082 964 2115 Et

207 2123 264 2158 die
292 2149 404 2160 ......
439 2126 526 2168 julii
564 2128 622 2162 Sol
660 2128 859 2165 obscuratus
896 2129 964 2166 fuit

207 2171 277 2209 fere
305 2187 323 2210 a
350 2175 476 2212 Tertia
504 2176 607 2224 usque
630 2179 671 2213 ad
699 2181 862 2216 Nonam.

495 2239 509 2263 1
546 2239 560 2263 1
592 2241 619 2276 9
645 2241 663 2276 3

257 2276 432 2312 Dominus
469 2277 628 2315 Uberius
664 2280 859 2330 praediffius
898 2284 962 2319 Po-

206 2326 303 2363 testas
332 2328 485 2365 paduae.

498 2393 514 2416 ι
551 2393 564 2418 1
598 2394 620 2429 9
647 2395 683 2429 4.

259 2428 432 2466 Dominus
468 2433 624 2480 Rogatus
662 2433 799 2478 judex,
839 2433 958 2470 Domi-

210 2491 271 2513 nus
299 2480 484 2522 mochus,
514 2483 688 2519 Dominus
718 2485 894 2521 Rolandus
922 2487 963 2521 de

208 2530 386 2579 Malpeleo
412 2532 520 2571 Cives
548 2535 701 2572 Paduam}
723 2534 894 2572 Consules
913 2549 963 2572 re-

695 207 1044 245 ATAV

1021 266 1036 298 X
1082 271 1207 297 xerunt
1235 261 1408 296 Paduam.
1431 260 1561 296 Eodem
1590 267 1746 309 tempore
1770 265 1843 298 Do-

1096 207 1118 244 I
1178 207 1223 243 N
1279 207 1316 243 U
1375 206 1446 243 M.
1696 207 1772 246 182

1083 311 1178 346 mina
1213 311 1378 347 Adeleita
1423 311 1519 347 soror
1565 312 1751 347 Comitum
1799 313 1843 348 de

1083 361 1287 410 Mangono‚
1323 363 1356 396 δε
1394 375 1484 398 uxor
1520 362 1660 398 Ezelini
1697 362 1844 399 Secundi

1081 411 1137 447 die
1157 414 1279 448 Lunae
1306 411 1403 448 sexto
1430 421 1580 449 exeunte
1599 411 1724 461 Aprili
1752 412 1846 450 circa

1081 463 1270 498 Meridiem
1298 463 1432 512 peperit
1460 462 1646 499 Ezelinum
1675 463 1844 500 Tertium

1080 513 1122 548 de
1151 516 1310 549 Romano
1337 516 1543 560 Tyrannum
1572 513 1845 550 crudeliffimum

1080 563 1116 598 in
1145 564 1311 600 Marchia.
1334 563 1537 600 Tervifina.
1564 566 1612 600 Et
1648 566 1844 613 Imperatot

1081 614 1257 651 Henricus
1306 614 1368 651 fibi
1420 614 1621 663 subjugavit
1669 615 1845 663 Apuliam

1081 665 1171 701 circa
1209 665 1343 701 festum
1374 665 1534 701 omnium
1570 664 1775 701 Sanstorum
1802 666 1844 702 in

1083 715 1258 761 praedifflm
1294 715 1518 751 M-illefimo.
1554 715 1630 761 Qui
1665 716 1843 753 Henricus

1081 765 1238 812 Quintus
1266 767 1361 802 filius
1389 765 1457 802 fuit
1485 765 1665 802 Frederi‘ci-
1701 766 1814 802 Primi
1830 778 1846 812 ,·

1081 817 1114 851 &
1152 826 1248 863 pater
1283 815 1459 852 Frederici
1495 816 1645 852 Secundi
1681 817 1757 853 nati
1797 829 1844 853 ex

1082 866 1283 904 Constantia
1311 866 1446 916 Regina
1473 866 1632 910 Siciliae,
1659 867 1693 902 δ(
1721 869 1845 902 Domi·

1083 930 1125 952 na
1153 917 1326 965 Apuliae,
1355 917 1412 953 cui
1440 916 1596 953 succeffit
1622 916 1732 953 dietus
1759 919 1844 953 Fre-

1083 967 1216 1003 dericus
1243 968 1440 1013 Secundus,
1467 967 1534 1015 qui
1558 976 1742 1004 coronatus
1772 966 1845 1004 fuit

1084 1020 1244 1055 Romam.

1373 1081 1391 1106 ι
1424 1081 1444 1105 1·
1470 1081 1495 1117 9
1524 1080 1558 1115 ς.

1133 1118 1311 1155 Dominus
1347 1121 1503 1168 Paganus
1530 1120 1572 1155 de
1600 1119 1635 1155 la
1660 1120 1774 1158 Turi-i
1801 1120 1845 1159 de

1082 1169 1288 1206 Mediolano
1315 1170 1466 1206 Potestas
1495 1170 1650 1207 Paduae.
1677 1173 1733 1207 Eo
1755 1181 1846 1208 tem-

1083 1232 1164 1266 pore
1190 1219 1325 1269 incepti
1362 1220 1502 1257 fuerunt
1530 1220 1622 1257 muri
1649 1221 1742 1257 circa
1780 1223 1844 1259 Pa-

1081 1270 1183 1305 duam
1221 1284 1240 1306 a
1278 1279 1384 1319 ponte
1421 1270 1539 1307 sanffi
1575 1272 1778 1321 Leonardi3
1806 1273 1843 1308 δε

1082 1319 1261 1368 inceptum
1307 1321 1378 1357 fuit
1422 1321 1674 1358 Monasterium
1721 1322 1844 1360 San-sti

1082 1370 1288 1420 BenediEfig
1317 1376 1348 1406 ἃ
1384 1370 1495 1407 faEtus
1530 1371 1600 1408 fuit
1637 1373 1728 1408 Pons
1755 1374 1841 1422 lapi-

1080 1420 1162 1456 deus
1198 1424 1355 1457 omnium
1394 1421 1626 1459 Sanaorum,
1662 1422 1766 1459 Unde
1800 1423 1841 1460 in

1081 1471 1193 1507 Libro
1219 1471 1351 1508 Leonis
1378 1471 1544 1520 suppositi
1571 1473 1798 1511 continetur.

1080 1524 1238 1568 Qinque
1263 1524 1367 1557 minus
1394 1524 1512 1558 demtis
1538 1525 1645 1560 Annis
1677 1526 1716 1560 de
1741 1526 1843 1562 Mille

1233 1575 1400 1610 ‹lm-entis.

1372 1636 1388 1660 1
1423 1635 1440 1660 1
1469 1636 1494 1673 9
1521 1625 1556 1663 6.

1131 1673 1302 1711 Dominus
1339 1675 1525 1711 Ottolinus
1561 1675 1604 1711 de
1637 1676 1757 1715 Boxio
1798 1676 1841 1714 de

1079 1725 1228 1761 Mantua
1259 1725 1410 1761 Potestas
1437 1726 1593 1766 Paduae,
1617 1727 1681 1775 qui
1709 1727 1841 1776 juravit

1079 1776 1235 1825 regimen
1263 1775 1360 1812 suum
1386 1775 1423 1812 in
1451 1777 1634 1813 Baxianm

1370 1839 1386 1864 1
1421 1839 1435 1863 Ῑ
1466 1840 1491 1876 9
1517 1839 1541 1876 7

1130 1879 1301 1924 Dominus
1329 1876 1514 1914 Ottolinus
1543 1878 1738 1927 praedifihls
1771 1882 1840 1917 Pe⁴

1078 1927 1175 1964 testas
1207 1929 1360 1964 paduae.
1388 1931 1442 1964 Eo
1469 1937 1626 1977 tempore
1663 1931 1838 1968 Henricus

1079 1981 1273 2027 Imperator-
1287 1979 1380 2016 obiit
1392 1979 1435 2016 in-
1447 1981 1581 2029 Apulia
1596 1981 1650 2017 die
1665 1983 1836 2019 XXVIII.

1079 2030 1304 2078 Septembris.

1368 2092 1384 2117 1
1420 2093 1435 2117 1
1466 2094 1490 2130 9
1519 2084 1552 2119 8.

1129 2129 1304 2167 Dominus
1339 2133 1486 2175 Jacobus
1514 2131 1668 2169 suffitus-
1689 2132 1731 2170 de
1758 2133 1837 2170 Pla-

1079 2181 1192 2217 centia
1221 2182 1377 2217 Potestas
1412 2182 1565 2219 Paduae.
1592 2186 1645 2219 Eo
1680 2192 1837 2233 ternpore

1078 2232 1133 2267 die
1159 2231 1295 2267 Martis
1317 2231 1432 2280 primo
1461 2234 1671 2278 Septembris
1704 2235 1834 2271 Padua-

1078 2281 1120 2318 ni
1142 2296 1218 2318 cum
1246 2283 1422 2329 adjutorio
1459 2285 1597 2321 Ezelini
1625 2284 1774 2321 Secundi
1800 2298 1839 2321 a-

1079 2333 1145 2381 pud
1174 2333 1450 2382 Garmignanum
1479 2344 1643 2384 ceperunt
1671 2335 1835 2371 Vicenti-

1078 2397 1168 2427 nos,
1194 2385 1226 2418 &
1264 2383 1361 2420 suurn
1399 2384 1609 2421 Carrocium
1646 2386 1835 2421 Martinel-

1077 2435 1149 2470 lum
1178 2434 1411 2476 abstulerunt,
1438 2439 1468 2469 ἃ
1499 2437 1633 2472 Paduae
1660 2436 1833 2472 conduxe-

1077 2493 1179 2529 runt,
1206 2485 1239 2519 &
1267 2494 1456 2522 tenuerunt
1491 2485 1581 2534 ipsos
1618 2487 1655 2522 in
1687 2486 1830 2522 carceri-

1078 2536 1138 2571 bus
1166 2549 1226 2586 per
1252 2549 1361 2573 annos
1388 2545 1558 2584 quatuor,
1578 2538 1636 2573 vel
1663 2537 1774 2575 circa,
1795 2537 1830 2573 &

1694 2589 1780 2624 Gar-
