2237 3068
462 217 541 271 183

812 217 1623 258 CHRONICON

1890 219 1972 271 184

394 275 602 311 Cari-ocium
634 273 819 320 posuerunt
847 271 883 306 in
921 271 1032 308 Curia
1070 273 1149 321 Epi·
1195 278 1224 311 A
1267 272 1334 307 rati
1365 271 1536 308 hostiliter
1562 273 1595 308 ἃ
1625 286 1684 320 per
1719 274 1790 311 vim
1829 277 1920 320 cepit
1960 277 2025 312 Za·

393 324 552 375 scopali‚
579 325 611 360 &
640 323 691 358 ibi
728 322 826 365 super
862 323 1068 358 Carrocium
1098 337 1150 359 ca-

392 386 583 418 caverunt,
619 373 728 408 donec
765 371 975 408 Viccntinos
1012 373 1053 409 de
1080 387 1150 409 car-

391 427 526 462 ceribus
564 425 829 463 relaxaverunt,
855 423 891 458 &-
929 424 1148 459 Fortiliciam

389 475 622 524 Cam-lignani
659 474 920 513 destruxerunt,
948 472 985 510 ἃ
1022 475 1150 510 multos

388 526 661 574 suspenderunt.
704 527 749 560 Et
793 523 1007 560 veronenses
1049 538 1148 561 vene-

387 587 469 614 runt
497 585 618 613 contra
649 576 848 615 Paduanos,
876 574 930 611 sed
956 586 1075 624 parum
1097 577 1149 611 lu-

386 628 475 665 crati
501 627 663 666 fuerunt.

436 727 614 765 Dominus
658 688 744 764 Alzo1
775 689 932 763 ’lisigniis
982 725 1147 763 Marchio

385 780 478 819 rexit
507 780 658 818 Paduam
687 780 774 814 bene
800 779 834 813 &
863 776 1044 827 legaliter.

677 842 692 866 1
726 842 746 866 ι
774 841 799 865 0
825 840 859 865 0.

434 881 612 919 Dominus
659 883 739 917 Azo
784 877 1056 916 Confalonerius
1103 877 1145 914 de

382 933 507 970 Brixia
538 932 686 969 Potestas
715 930 870 967 Paduae.
897 932 950 965 Eo
987 939 1144 974 tempore

382 993 521 1032 captum
559 983 627 1019 fuit
662 981 899 1023 Carrocium,
935 979 1141 1015 destruetum

381 1048 402 1070 a
443 1032 721 1070 Veronenfibus.
763 1034 809 1067 Et
850 1029 1107 1080 jurisdiffliones
1131 1057 1141 1074 ‚

380 1084 438 1121 seu
467 1084 727 1120 dominationes
757 1084 966 1128 Magnatum
1007 1080 1142 1116 Paduae

378 1144 541 1183 acceptae
568 1134 708 1170 fuerunt
737 1145 795 1180 per
823 1131 1009 1181 Populares
1029 1130 1142 1167 homi-

377 1198 438 1222 nes
465 1183 640 1222 Civitatis
669 1183 824 1220 Paduae.
883 1212 885 1216 Α

669 1246 684 1271 1
718 1246 738 1270 2
767 1245 792 1269 ο
825 1244 857 1269 1.

429 1285 606 1322 Dominus
635 1287 756 1321 Petrus
783 1281 888 1320 Ziani
915 1281 956 1318 de
984 1283 1140 1318 Venetiis

377 1337 530 1374 Potestas
569 1335 729 1378 Paduae,
757 1334 818 1382 qui
855 1332 924 1368 fuit
960 1334 1042 1367 Dux
1071 1334 1138 1367 Ve-

376 1398 563 1431 netorum,
590 1388 622 1422 8<
653 1384 747 1421 filius
774 1382 950 1432 quondam
978 1381 1137 1418 sebastia-

374 1438 414 1475 ni
454 1437 562 1474 Ducis
602 1435 852 1473 Venetia-um.
889 1435 943 1469 Eo
980 1441 1138 1478 tempore

375 1489 467 1526 faeta
494 1488 564 1524 fuit
591 1487 711 1523 venire
738 1499 826 1534 aqua
856 1497 874 1520 a
912 1482 1137 1519 Montefilice

373 1548 517 1590 propter
544 1537 732 1587 Navigium
760 1533 934 1571 veniendo
963 1534 1135 1569 Paduam.

665 1600 680 1624 1
714 1599 734 1623 ι
762 1598 787 1623 o
816 1598 850 1622 2.

422 1639 600 1678 Dominus
642 1640 796 1674 Ubertus
840 1633 1047 1670 vicecomes
1093 1633 1134 1670 de
1158 1627 1203 1675 D

371 1691 553 1728 Placentia
585 1689 734 1726 Potestas
764 1686 926 1722 Paduae.
961 1686 1016 1720 Eo
1046 1692 1134 1719 tem-

369 1755 454 1791 pore
482 1739 720 1781 veronenses,
745 1734 954 1779 Vicentini,
981 1734 1131 1770 ‘re-nifi-

367 1792 428 1830 υἱ,
456 1790 671 1833 Mantuani,
699 1785 953 1829 ferrarienses,
981 1784 1131 1820 Triden-

367 1842 461 1883 tini,
483 1840 697 1883 feltrenses,
724 1843 754 1873 &
781 1834 1002 1873 Bellunenses
1030 1847 1131 1870 vene-

366 1902 449 1929 runt
476 1905 552 1928 cum
590 1903 718 1939 magno
755 1887 912 1925 exercitu
946 1885 1052 1933 usque
1088 1886 1129 1922 ad

366 1945 516 1979 Pontem
539 1944 685 1978 Brentae
705 1937 901 1987 Viciageris
915 1964 925 1980 ‚
943 1937 976 1972 δι
998 1936 1049 1972 ibi
1071 1935 1128 1972 sua

366 1992 518 2030 fixerunt
560 1992 744 2031 tentoria,
785 1988 823 2026 ἃ
861 1996 1025 2036 ceperunt
1062 1989 1128 2022 Ca-

364 2045 466 2080 strum
493 2043 658 2086 Carturi‚
682 2041 718 2079 ἃ
746 2039 891 2077 Turrim
921 2037 1126 2074 canfreduli

365 2094 640 2131 constraverunt.
667 2094 714 2128 Et
738 2089 890 2126 Paduani
914 2088 1054 2124 iverunt
1076 2089 1126 2124 eis
1150 2108 1152 2113 ·

363 2145 503 2181 obviam
520 2168 528 2183 ‚
555 2145 587 2179 ἃ
618 2143 771 2178 fixerunt
798 2140 856 2175 sua
883 2139 1036 2174 tentoria
1074 2139 1125 2187 ju-

361 2205 423 2232 xta
462 2197 608 2230 Pontem
648 2195 795 2229 Brentae
823 2203 866 2225 ex
903 2188 1044 2224 adverso
1072 2190 1123 2224 di-

360 2246 496 2282 &orum
534 2244 712 2292 hostium;
741 2243 774 2277 δ(
812 2240 963 2276 tamdem
1004 2240 1123 2286 pacifi-

362 2297 433 2333 cati
475 2295 553 2331 sunt
590 2295 631 2329 ad
669 2292 843 2329 invicem.
884 2292 929 2325 Et
967 2298 1123 2337 tempore

360 2346 568 2394 procedente
595 2343 748 2380 paduani
772 2340 979 2378 dimiserunt
1000 2354 1120 2376 omnes

357 2396 568 2433 Vicentinos
591 2423 602 2440 ,
641 2407 728 2442 quos
769 2401 887 2441 captos
927 2391 1121 2426 habebant.

356 2450 404 2484 Et
433 2443 809 2484 HenricusaDandulo
843 2444 922 2477 Dux
953 2441 1119 2476 Venetia-

356 2512 432 2535 rum
457 2511 535 2534 cum
557 2496 764 2533 comitibus
787 2493 902 2529 Sanffi
929 2492 1051 2534 Pauli,
1081 2490 1117 2528 ὅ(

356 2549 568 2594 flandriae,
595 2552 625 2583 ὀ(
661 2544 871 2583 Marthione
911 2541 1115 2579 Montisfer—
1145 2542 1151 2588 Ι

1265 334 1337 357 ram
1356 349 1366 367 ‚
1393 323 1426 358 δι
1455 336 1529 359 eam
1559 324 1696 371 penitus
1723 325 1910 362 destruxit.

1556 386 1570 409 1
1606 386 1624 409 2
1652 386 1676 410 0
1706 387 1737 423 3.

1315 422 1490 459 Dominus
1537 425 1704 461 Albertus
1750 425 1791 462 de

1265 473 1415 508 Potestas
1445 473 1596 510 Paduae.
1627 477 1678 510 Eo
1714 485 1869 524 tempore
1906 477 2020 514 homi·

1262 535 1320 558 nes
1349 525 1610 572 Montagnanae
1646 526 1895 564 interfecerunt
1924 531 2021 577 Ugu-
2062 547 2068 550 >

1261 573 1392 609 tionem
1417 573 1555 611 fratrem
1580 576 1726 612 Domini
1751 578 1900 613 paduani
1922 578 2021 615 Con-

1262 622 1366 658 sulem
1399 625 1596 661 Paduanum
1627 626 1754 662 ibidem
1784 629 1920 664 missum
1958 642 2019 675 pro

1260 676 1452 711 Communi
1484 677 1636 712 paduae.
1665 678 1710 712 Et
1747 678 1886 713 Civitas
1924 681 2019 715 con-

1258 723 1500 772 stantinopolis
1529 737 1628 774 capta
1656 726 1725 764 fuit
1752 740 1769 763 a
1799 728 1962 770 francis,
1982 731 2016 765 δι

1260 776 1404 811 Venetis
1433 789 1492 825 per
1530 778 1669 812 Portam
1688 805 1698 822 ‚
1727 777 1786 814 ubi
1823 788 1895 814 erat
1922 779 2020 827 depi-

1257 825 1332 861 &us
1374 839 1460 863 unus
1506 829 1692 878 Angelusg
1738 829 2018 877 prophetizatum

1258 876 1387 924 quippe
1429 877 1561 920 fuerat,
1600 880 1691 926 quod
1736 893 1794 928 per
1836 881 2017 928 Argelum

1255 927 1401 963 debebat
1428 931 1525 976 capi.
1556 930 1601 964 Et
1630 938 1809 978 propterea
1840 932 1918 965 Dux
1948 932 2018 966 Ve-

1255 977 1427 1014 netiarum
1459 989 1562 1015 vocat
1597 979 1628 1015 se
1671 982 1840 1015 Dominum
1876 991 2017 1026 quartae

1249 1030 1384 1073 partis,
1412 1029 1447 1064 (α’
1474 1031 1633 1065 dimidiae
1659 1033 1763 1066 totius
1788 1033 1926 1076 Imperii
1953 1036 2015 1067 Ro-

1221 1059 1227 1138 Ι
1253 1081 1402 1116 maniae.

1836 426 2023 463 Mandello

1542 1142 1558 1166 1
1593 1143 1613 1167 2
1641 1142 1665 1167 0
1691 1143 1727 1178 4.

1302 1178 1478 1215 Dominus
1506 1181 1672 1218 Albertus
1701 1183 1741 1216 de
1770 1182 1907 1223 Baone,
1937 1182 2011 1218 De-

1251 1229 1365 1266 minus
1404 1230 1669 1268 Dalesmaninus
1706 1232 1813 1268 Cives
1856 1232 2011 1268 paduani

1248 1289 1414 1316 rexerunt
1454 1282 1625 1317 Paduam.
1663 1283 1715 1316 Eo
1752 1291 1910 1329 tempore
1940 1282 2010 1318 fuit

1248 1327 1378 1365 saelum
1416 1331 1621 1380 Campreti,
1664 1330 1701 1367 &
1743 1330 1811 1367 fuit
1853 1333 2009 1369 maxima

1248 1381 1405 1420 ubertas,
1433 1381 1484 1416 ita
1521 1382 1614 1428 quod
1653 1381 1864 1417 frumentum
1895 1383 2009 1418 valuit

1247 1429 1309 1466 sol.
1348 1433 1395 1473 11,
1432 1432 1464 1466 8<
1503 1445 1573 1468 non
1610 1432 1723 1468 ultra.
1760 1434 1806 1467 Et
1830 1428 2009 1468 'Marchio

1245 1479 1388 1516 Estenfis
1415 1490 1490 1517 erat
1527 1495 1605 1518 cum
1644 1482 1765 1518 amicis
1804 1481 1869 1517 suis
1906 1483 2007 1531 juxta

1243 1530 1400 1566 Castrum
1429 1531 1547 1568 Santsti
1578 1532 1736 1567 Andreae
1757 1532 1938 1569 Musonis.
1960 1535 2007 1569 Et

1243 1581 1405 1616 Ezelinus
1435 1581 1477 1617 de
1508 1584 1666 1618 Romano
1693 1596 1734 1617 ex
1764 1582 1901 1617 adversa
1929 1595 2007 1631 par-

1243 1638 1277 1666 te
1304 1630 1411 1667 stabat
1439 1644 1517 1667 cum
1547 1633 1669 1668 amicis
1698 1631 1788 1667 suis.
1819 1634 1864 1667 Et
1891 1634 2003 1669 Com-

1241 1693 1346 1716 mune
1373 1682 1525 1718 Tervifii
1553 1683 1719 1718 destruxit
1749 1682 1921 1718 Dominus
1958 1683 2003 1719 de

1242 1733 1366 1767 Naone
1394 1742 1534 1780 propter
1571 1732 1760 1781 superbiam
1799 1746 1937 1772 corum,
1965 1734 2001 1768 8<

1241 1792 1382 1829 propter
1418 1782 1601 1830 quamdam
1648 1783 1882 1831 poffeffioneni
1928 1795 2002 1819 ma-

1239 1844 1365 1881 gnam,
1394 1845 1498 1878 quam
1536 1833 1710 1869 habebant
1736 1834 1773 1869 in
1801 1832 2001 1870 Tervixio.

1239 1883 1287 1918 Et
1334 1882 1511 1919 Tervifini
1562 1883 1792 1920 vendiderunt
1841 1882 2001 1921 Castru'm

1238 1932 1463 1977 Castrorum,
1501 1946 1589 1981 quae
1625 1944 1828 1974 acceperant
1863 1935 2000 1970 Carbo-

1238 1983 1395 2019 nenfibus
1433 1997 1494 2032 pro
1532 1985 1650 2021 Libris
1689 1987 1801 2020 XXX.
1837 1985 1999 2021 millibus

1238 2047 1444 2081 parvorum.
1472 2035 1546 2079 Qui
1574 2036 1617 2070 ab
1644 2035 1711 2071 illo
1737 2035 1794 2071 die
1820 2035 1857 2070 in
1894 2044 1997 2071 antea

1236 2083 1322 2119 diffi
1354 2084 1431 2119 sunt
1458 2098 1476 2119 a
1504 2085 1656 2120 Castris.
1684 2087 1730 2120 Et
1757 2093 1841 2120 tunc
1877 2085 1996 2120 darum

1237 2134 1305 2170 fuit
1335 2134 1495 2169 Dominis
1517 2135 1558 2170 de
1583 2137 1704 2170 Naone
1724 2134 1881 2170 Castrum
1903 2135 1995 2171 Cin-

1235 2193 1371 2224 tarum,
1399 2185 1491 2232 quod
1519 2184 1564 2219 est
1594 2186 1692 2233 juxta
1720 2185 1929 2227 Masonem,
1958 2185 1993 2220 &

1236 2236 1370 2271 Villam
1410 2248 1557 2275 novam.
1596 2245 1774 2282 tamquam
1813 2236 1854 2271 de
1892 2235 1992 2272 bonis

1234 2285 1517 2325 namuurum,
1547 2299 1638 2332 quae
1664 2286 1835 2322 habebant
1863 2286 1898 2322 in
1930 2288 1993 2322 Pa-

1233 2336 1348 2372 duano
1376 2336 1568 2379 Distrifi’tm
1596 2337 1637 2372 de
1658 2336 1802 2372 consilio
1828 2338 1993 2373 Lemizo-

1233 2388 1308 2427 nis,
1335 2387 1367 2422 &
1406 2387 1637 2427 Guicemani‚
1665 2396 1749 2423 tunc
1788 2390 1991 2423 Procurato-

1233 2450 1307 2473 rum
1335 2438 1366 2472 ἃ
1398 2438 1662 2473 Extimatorum
1692 2437 1903 2474 Communis
1930 2440 1991 2474 Pa-

1232 2489 1336 2524 duae.
1374 2488 1436 2523 sed
1474 2487 1539 2522 hoc
1576 2487 1734 2524 Castrum
1774 2489 1884 2539 postea
1920 2489 1990 2526 fuit

1231 2537 1435 2576 destruetum
1465 2551 1484 2575 a
1511 2538 1699 2575 Temfinis
1718 2565 1726 2575 .

1832 2601 1938 2635 1205.
