2237 3068
449 230 505 262 ²20

390 235 679 326 mente7Augusti
714 277 914 314 Leonardus
953 281 1148 327 Quirinus,
1187 281 1221 315 A

389 328 423 362 &
452 327 544 364 filius
573 327 693 371 Jacobi
720 329 874 366 Teouoli
904 332 1012 367 Ducis
1035 333 1145 368 Vene-

389 377 519 413 tiarum
557 389 633 412 cum
673 379 750 413 Lx.
787 379 906 415 Galeis
937 380 1080 418 iverunt
1106 383 1146 418 ad

389 426 588 463 Civitatem
622 429 751 465 Potae.
780 429 812 463 8<
844 442 918 464 eam
958 442 1146 483 ceperunt3

388 477 512 511 deinde
539 477 679 512 iverunt
708 479 920 519 Duracium,
945 485 974 514 &
1005 484 1146 518 redeun-

388 535 438 561 tes
466 537 670 574 acceperunt
697 542 817 564 omnes
846 530 990 567 divitias
1021 534 1147 573 Polae,

385 575 425 612 ἃ
463 577 658 613 Civitatem
699 581 985 618 combusserunt.
1024 584 1070 618 Et
1107 597 1148 618 eo

385 640 478 662 anno
527 628 639 664 valuit
687 630 898 666 frumentum
946 631 984 667 in
1034 634 1148 670 Padua

387 680 467 713 XX.
495 679 652 718 solidos,
680 685 707 714 δι
738 682 839 728 plus:
880 682 972 730 quod
1011 694 1132 733 reputa

385 736 459 764 tum
488 728 558 765 fuit
584 731 738 766 maxima
767 732 920 769 caristia.
1194 732 1231 765 B*

436 831 481 865 D.
510 793 692 868 Galvanus1
717 795 1058 881 {anizffpraediaus
1083 838 1143 872 Po-

386 880 483 917 testas
525 882 678 922 Paduae,
707 885 737 919 8<
780 885 941 921 Vicarins
978 886 1015 921 in
1051 889 1146 923 Mar-

385 931 464 967 thia
501 932 682 969 Tervifi-na
721 948 782 981 pro
819 935 1055 984 imperatore.
1097 940 1148 973 Eo

386 991 543 1029 tempore
564 982 653 1019 fasta
682 983 749 1020 fuit
777 986 1048 1035 repraesentatio
1072 987 1142 1023 Pas-

384 1030 489 1067 sionis
529 1034 673 1070 Domini
704 1035 805 1071 nostri
843 1037 919 1080 Jesu
951 1037 1081 1073 Christi
1109 1039 1146 1074 in

385 1083 492 1117 Prato
529 1085 644 1120 Vallis
684 1085 717 1120 in
755 1086 837 1122 festo
876 1087 1079 1137 Paschatis3
1108 1088 1146 1125 &

384 1132 542 1168 Castrum
572 1134 690 1171 sanai
719 1137 892 1173 Bonifatii
921 1151 938 1174 a
968 1141 1146 1174 Veronen-

383 1181 473 1218 sibus
511 1183 581 1220 fuit
616 1185 840 1224 destruam.
869 1190 916 1223 Et
950 1191 1078 1225 Comes
1106 1190 1146 1226 de
1185 1184 1219 1221 C

383 1233 524 1280 Panego
551 1233 656 1271 Civis
685 1238 888 1273 Veronensis
917 1237 986 1274 fuit
1013 1239 1050 1275 in
1085 1242 1145 1276 Pa-

383 1283 449 1318 dua
477 1284 691 1327 decollatus,
718 1288 752 1321 8<
781 1287 886 1324 multi
915 1289 977 1325 alii
1010 1291 1142 1325 Praela-

381 1333 411 1368 ti
465 1334 614 1370 accusati
655 1336 697 1371 de
740 1339 940 1383 proditione
985 1342 1146 1376 Veronae

381 1383 522 1419 diversis
570 1394 829 1423 tormentorum
877 1390 1061 1436 generibus
1102 1391 1144 1425 ab

380 1434 530 1470 Ezelino
559 1434 698 1472 fuerunt
727 1437 928 1474 interfe&i.
955 1440 1029 1485 Qui
1060 1448 1144 1476 tunc

380 1483 499 1520 sumsit
525 1486 727 1529 audaciam,
755 1489 789 1522 δε
823 1489 954 1525 rabiem
988 1490 1143 1527 homines

380 1535 587 1574 occidendi,
625 1536 663 1572 &
706 1537 867 1575 Castrum
910 1539 1082 1576 Hostiliae
1124 1554 1144 1577 a

372 1585 590 1628 Mantuanis
610 1586 811 1634 fundatum,
834 1589 899 1625 fuit
920 1591 1143 1627 destruffizum.

378 1636 427 1670 Et
453 1635 511 1671 die
538 1638 583 1672 v,
611 1637 697 1680 julii
726 1638 786 1674 sub
821 1641 952 1684 jacobo
980 1642 1143 1688 Te0p010
1180 1633 1224 1671 D'

379 1687 479 1721 Duce
500 1689 714 1723 Venetorum
739 1692 928 1736 Raynerius
954 1692 1050 1727 Zeno
1071 1691 1143 1728 Ca—

378 1735 537 1783 pitaneus
579 1739 767 1774 Galearum
807 1743 1024 1777 Venetorum
1065 1742 1141 1778 vio-

377 1787 491 1822 lenter
517 1787 613 1836 cepit
639 1789 797 1832 Jadram.

668 1851 683 1874 1
716 1852 736 1876 2.-
764 1854 789 1888 4
818 1853 860 1887 5.

428 1889 473 1923 D.
500 1888 699 1925 Guizardus
727 1892 768 1927 de
796 1891 982 1929 Realdesco
1005 1892 1046 1930 de
1068 1894 1141 1929 Bri-

376 1937 437 1974 xia
480 1940 629 1975 Potestas
671 1941 806 1978 Paduae
827 1969 836 1978 .
883 1945 935 1979 Eo
985 1953 1139 1992 ternpore

377 1989 469 2024 circa
500 1989 617 2025 festum
656 1992 774 2028 Sansti
812 1993 979 2036 johannis
1018 1994 1135 2042 Bapti-

374 2039 440 2073 stae
481 2042 570 2086 Papa
600 2041 720 2077 videns
748 2042 780 2078 se
807 2043 963 2079 delusum
994 2046 1036 2080 ab
1069 2047 1137 2080 Im-
1163 2066 1165 2075 v

376 2098 555 2135 peratore,
584 2090 692 2128 finxit
729 2092 761 2128 se
789 2095 879 2130 velle
916 2094 1039 2130 habere
1065 2096 1135 2130 col·
1172 2100 1220 2140 E}

373 2140 536 2187 loquium
577 2154 655 2176 cum
693 2144 847 2191 Augusta
870 2171 879 2187 ‚
917 2145 1163 2190 latenterque'

375 2189 464 2237 apud
495 2191 624 2226 Urbem
649 2195 810 2228 Veterem
839 2196 982 2230 Galeam
1006 2199 1134 2231 intrans

373 2242 518 2283 januam
547 2241 721 2289 profecius
749 2243 816 2284 est,
845 2246 876 2279 &
906 2245 1069 2281 transiens
1095 2246 1133 2282 in

372 2291 531 2326 Galliam
559 2305 618 2340 per
653 2302 760 2329 terras
796 2293 955 2331 Comitis
990 2297 1133 2340 Savojae

370 2343 611 2390 properando,
639 2343 730 2379 circa
759 2343 874 2380 festum
903 2346 1020 2382 Samsti
1060 2348 1131 2383 Lu—

371 2405 431 2427 cae
459 2393 495 2428 in
531 2393 707 2442 Lugduno
734 2396 963 2444 congregavit
999 2396 1130 2433 Conci-

370 2442 461 2478 lium
489 2446 667 2492 generale.
695 2447 743 2481 Et
770 2447 936 2482 Ezelinus
964 2446 1034 2482 ivit
1062 2449 1130 2482 Ve-

368 2506 510 2537 ronam,
548 2494 585 2531 &
623 2495 754 2531 ibidem
789 2495 884 2534 stetit
918 2510 979 2547 per
1021 2510 1128 2534 unum

370 2557 519 2591 annum,
547 2545 583 2583 &
612 2547 723 2584 ultra.
1153 2532 1159 2589 s

804 224 1610 266 CHRONICON

1873 228 1954 269 208

1312 283 1356 318 D.
1398 281 1593 318 Guizardus
1635 282 1826 330 praedistus
1864 285 2014 321 Potestas

1261 334 1426 368 Paduae.
1470 335 1521 369 Eo
1564 341 1720 380 tempore
1763 335 1854 370 circa
1895 335 2012 372 festum

1260 383 1376 419 San9ci
1405 382 1569 426 Iohannis
1599 384 1769 430 Baptistae
1795 384 1925 421 fastum
1948 385 2014 422 fuit

1259 433 1466 468 Concilium
1518 434 1675 481 generale
1724 436 1889 482 Lugduni
1915 463 1926 480 ,
1972 436 2014 471 ad

1259 483 1351 528 quod
1380 484 1507 519 citatus
1548 485 1740 532 Imperator
1775 484 1827 521 ire
1861 495 2016 522 con-tem-

1259 532 1323 576 fit,
1352 534 1441 569 unde
1479 543 1620 582 propter
1647 534 1719 582 ejus
1756 537 2014 572 contumaciam

1259 583 1296 620 &
1325 584 1490 620 offensam
1506 608 1516 624 ,
1537 585 1578 619 de
1606 584 1768 620 consensu
1791 586 1900 622 totius
1920 589 2017 622 Con-

1260 634 1336 670 cilii
1365 634 1535 682 depositus
1557 634 1625 670 fuit
1652 649 1711 682 per
1733 635 1939 672 sententiam
1963 637 2016 685 ip-

1257 684 1321 721 {ius
1365 687 1504 733 Papae.
1544 686 1591 720 Et
1630 693 1714 720 tunc
1755 687 1896 721 veniens
1937 700 2016 722 cum

1259 734 1317 771 suo
1347 735 1425 772 filio
1453 735 1622 772 Conrado
1653 738 1850 777 Veronam,
1879 740 1909 770 &
1937 750 2015 772 eum

1257 786 1336 822 aliis
1369 786 1609 834 Principibus,
1637 786 1669 821 δ(
1709 786 1903 822 Batonibus
1931 788 2016 823 Ale-

1258 837 1445 881 manniae,
1473 839 1506 872 &
1544 837 1778 873 Lombardiae
1806 836 1913 872 etiam
1943 849 2016 885 par-

1258 887 1353 923 tibus
1406 888 1439 923 ei
1490 887 1688 923 faventibus
1715 914 1726 931 ‚
1769 887 1822 923 ibi
1864 886 2017 923 solemne

1257 938 1463 975 Concilium
1501 938 1714 987 celebravit;
1745 951 1817 983 quo
1853 937 1947 973 faEto
1980 937 2016 973 fi-

1257 991 1392 1025 mulans
1434 989 1468 1025 se
1505 989 1596 1024 veile
1637 989 1688 1024 ire
1728 989 1769 1024 ad
1811 988 2015 1025 Concilium

1256 1053 1333 1075 cum
1364 1039 1528 1076 Conrado
1555 1037 1633 1074 filio
1662 1038 1723 1073 suo
1749 1038 1819 1074 ivit
1845 1038 1951 1086 usque
1973 1039 2014 1074 ad

1256 1090 1477 1132 Taurinum,
1505 1089 1564 1125 ubi
1593 1088 1708 1136 primo
1735 1089 1871 1124 audivit
1893 1098 2015 1124 contra

1257 1140 1288 1176 fe
1316 1140 1390 1177 fore
1420 1142 1527 1176 latam
1566 1138 1793 1175 sententiam.
1826 1141 2015 1175 Reverten-

1256 1190 1374 1239 tesque
1419 1193 1656 1234 Cremonam,
1703 1190 1823 1237 ibique
1871 1188 2015 1236 Imperii

1255 1242 1407 1285 negotiis
1443 1240 1615 1277 ordinatis
1653 1239 1721 1275 ivit
1757 1240 1795 1275 in
1823 1240 2014 1287 Apuliam,

1254 1291 1291 1328 ὃ(
1319 1292 1501 1327 Conradus
1533 1292 1605 1338 ejus
1643 1289 1738 1325 filius
1765 1289 1836 1325 ivit
1862 1290 1900 1325 in
1928 1292 2013 1326 Ale·

1255 1342 1454 1377 manniam.
1483 1343 1529 1376 Et
1554 1343 1643 1386 Papa
1671 1348 1755 1376 tunc
1784 1339 1877 1375 misi—t
1904 1342 2013 1387 Lega-

1254 1400 1307 1427 tos
1335 1392 1372 1427 in
1403 1390 1877 1429 Alemanniam,‘monend0
1916 1390 2013 1426 Prin-

1254 1442 1345 1490 cipes
1383 1442 1547 1478 habentes
1586 1453 1706 1476 vocem
1755 1440 1906 1488 eligendi
1945 1443 2013 1476 Re-

1252 1506 1330 1541 gem
1361 1495 1622 1534 Romanorum,
1651 1490 1746 1537 quod
1774 1491 1926 1537 aliquem
1952 1503 2013 1527 ex-

1254 1544 1438 1578 cellentem
1467 1543 1579 1578 virum
1608 1543 1799 1589 eligerent.
1826 1541 1901 1586 Qui
1929 1555 2014 1577 con-

1253 1593 1433 1629 venientes
1458 1594 1637 1641 elegerunt
1665 1593 1914 1639 Lantgravium
1938 1593 2010 1627 Du-

1251 1657 1325 1679 cem
1347 1643 1388 1679 de
1408 1642 1582 1691 Turingia
1607 1641 1844 1678 assentientem
1867 1641 2010 1677 elek’tio·

1251 1693 1310 1737 ni,
1338 1693 1375 1730 ἃ
1405 1693 1648 1740 suscipientem
1682 1702 1804 1728 contra
1842 1691 2010 1739 potentis-

1250 1744 1373 1779 fimum
1402 1743 1624 1779 fredericum
1664 1744 1910 1790 Imperatorem
1940 1743 2010 1778 ala-

1220 1814 1222 1825 ι
1250 1794 1359 1830 criter
1385 1795 1418 1829 &
1447 1793 1607 1829 audaS’cer
1635 1792 1747 1840 Regni
1777 1793 2009 1829 Alemanniae

1251 1844 1439 1881 Diadema.
1467 1847 1513 1879 Et
1540 1844 1596 1880 die
1619 1845 1719 1880 VIII.
1744 1853 1894 1879 exeunte
1917 1844 2008 1888 Julio

1249 1895 1415 1943 quaedam
1456 1895 1563 1930 Stella
1593 1894 1711 1930 ardens
1740 1893 1776 1929 &
1806 1894 1908 1943 ignea
1935 1893 2008 1930 visa

1248 1945 1293 1981 est
1330 1946 1368 1982 in
1405 1945 1567 1994 Vesperis
1605 1955 1685 1980 ante
1720 1944 1811 1980 Solis
1847 1944 2006 1981 oceasum

1249 1996 1449 2045 consurgere
1494 1996 1535 2031 ab
1576 1996 1722 2031 Oriente
1750 2022 1760 2039 ,
1805 1994 1842 2031 ἀ
1884 1997 2005 2030 volans

1248 2045 1340 2094 quast
1382 2046 1569 2081 scindendo
1609 2046 1758 2081 Coelum
1803 2058 2004 2081 concurrere

1247 2097 1287 2131 ad
1317 2104 1428 2144 partes
1460 2095 1725 2131 Occidentales.
1753 2097 1799 2130 Et
1835 2095 2001 2130 Guilliel-

1247 2160 1322 2182 mus
1349 2146 1390 2181 de
1422 2148 1558 2187 Campo
1595 2145 1712 2180 Samsti
1752 2144 1846 2180 Petri
1874 2144 2003 2180 furtive

1246 2197 1339 2242 cepit
1365 2196 1520 2232 Castrum
1550 2195 1770 2239 Prandium,
1791 2200 1820 2230 δι
1849 2195 2000 2231 militem

1246 2247 1297 2283 ibi
1324 2246 1524 2282 existentem
1564 2260 1626 2294 pro
1657 2246 1825 2282 Alberico
1853 2245 1893 2282 de
1932 2248 2001 2282 Ro-

1246 2310 1348 2333 mano
1378 2297 1547 2332 Potestate
1577 2296 1774 2332 vulneravit
1802 2309 1880 2331 cum
1910 2296 1999 2346 [υἷες

1245 2352 1274 2381 &
1318 2347 1374 2383 die
1411 2347 1556 2382 Veneris
1599 2347 1713 2395 primo
1753 2347 1839 2391 juhi
1881 2356 1999 2396 captus

1245 2396 1314 2434 fuit
1341 2399 1432 2433 Pons
1462 2399 1596 2433 Plavis.

1535 2460 1547 2482 1
1582 2461 1601 2483 2
1630 2460 1655 2493 4
1683 2448 1717 2483 6.

1293 2500 1337 2534 D.
1374 2498 1571 2534 Guizardus
1616 2497 1806 2545 praedifflns
1850 2498 2000 2533 Potestas

1242 2549 1377 2586 paduae
1402 2576 1413 2595 ,
1453 2549 1515 2598 qui
1551 2561 1622 2585 non
1660 2549 1854 2598 complevit
1898 2549 1998 2598 Regi-

1848 2612 1926 2635 men
1944 2625 1952 2634 .
