2237 3068
435 252 514 291 :347

759 229 1142 290 ANTIQUJT.
1182 233 1399 272 MEDII
1437 233 1610 274 AEVI

1856 237 1934 290 348

370 292 531 341 Corpora
570 291 752 327 Patavium
800 291 914 324 delata
940 316 951 333 ‚
989 292 1021 324 ὅ(
1069 291 1122 324 Fi·
1170 292 1196 324 A
1237 290 1355 324 Gallia
1393 288 1480 323 olim
1519 288 1645 337 insigni
1681 302 1921 337 ornamento,
1956 293 1995 330 in

369 343 503 379 delium
546 341 659 378 cultui
701 340 904 386 exponenda
942 338 1073 376 fuerint
1108 338 1121 374 ἓ

367 395 551 430 Praeterea
576 391 658 438 quei
689 390 782 426 inter
809 387 877 425 tria
906 389 944 425 in
971 403 1042 426 uno
1076 389 1123 426 se—

366 446 491 492 pulcro
530 441 671 477 condita
707 452 878 488 corpora,
916 439 1006 476 illud
1045 440 1122 476 seli-

366 497 399 543 gi
437 495 552 541 potuit
578 519 588 535 ,
625 490 720 539 quod
755 498 932 527 tormenta
969 503 1031 537 pro
1067 490 1125 525 Fi-

366 545 407 579 de
446 542 578 578 Christi
615 542 765 577 tolerata
810 539 1001 590 gloriosum
1048 541 1127 576 effe-

366 591 521 630 cerant?
573 593 705 628 verim
741 605 812 629 non
851 590 927 629 heic
963 599 1039 630 tota
1066 589 1126 626 dif-

368 643 505 680 ficultas
530 670 539 680 .
592 643 707 679 Restat
747 642 877 691 quippe
918 641 1126 690 perpenden-

367 695 473 735 dum,
501 708 544 730 an
572 694 691 731 eadem
719 692 906 742 Inscriptio
933 705 1038 728 unum
1066 691 1128 726 sal-

366 754 438 781 tem
468 747 666 791 Martyrem
694 743 825 781 Christi
856 742 957 779 nobis
985 741 1129 779 certiffi-

368 810 424 831 me
451 795 616 832 exhibeat
647 822 657 832 .
696 796 819 831 Seculo
853 794 1025 830 duntaxat
1051 806 1130 842 pro-

368 847 466 883 xime
495 846 684 895 praeterito
724 844 857 893 inquiri
895 855 1058 888 coeptum
1086 843 1130 879 est

370 897 565 934 accuratius
588 924 599 942 ‚
622 906 725 945 atque
761 910 804 933 ex
843 895 988 944 professo
1015 895 1052 931 in
1080 894 1129 930 Si-

371 961 437 996 gna
455 974 466 991 ,
495 948 621 996 quibus
659 947 947 996 distinguerentur
973 947 1131 993 Corpora

371 998 576 1035 Sanctorum
596 998 798 1045 Martyrum
826 1011 844 1033 a
865 995 1007 1043 reliquis
1028 994 1132 1031 Ghri-

372 1049 489 1084 stianis
516 1051 602 1085 olim
638 1047 823 1085 tumulatis
865 1047 902 1082 in
930 1046 1131 1082 admiranda

372 1099 538 1135 strubiura
583 1108 639 1136 tot
681 1097 986 1135 Coemeteriorum
1033 1105 1132 1132 extra

373 1152 566 1186 Romanam
595 1150 725 1185 Urbem
754 1147 998 1185 existentium:
1028 1153 1132 1182 Cata-

372 1203 472 1236 combe
497 1201 734 1250 appellamus.
764 1200 937 1249 Magnum
965 1199 1048 1235 hinc
1073 1197 1132 1234 fibi

373 1263 502 1287 nomen
541 1264 698 1300 peperere
716 1275 727 1292 ,
756 1263 898 1298 remque
933 1251 1036 1299 plane
1064 1248 1133 1285 uti-

376 1300 541 1337 liffimam
588 1311 662 1337 tum
701 1301 812 1336 sacrae
856 1309 933 1336 tum
972 1299 1134 1349 profanae

374 1351 584 1388 eruditionis
611 1350 803 1387 cultoribus
831 1350 1027 1399 praestitere
1053 1352 1134 1385 Pre-

374 1402 505 1448 sbyteri
532 1401 692 1438 Oratorii
722 1401 873 1436 Romani
903 1399 1022 1435 Bofius
1039 1426 1050 1441 ‚
1079 1401 1134 1434 Se—

373 1466 544 1496 veranus,
571 1454 606 1487 &
634 1449 831 1498 Aringhius
858 1448 896 1485 in
933 1448 1058 1496 insigni
1087 1450 1135 1483 Ο-

373 1515 452 1550 pere
480 1507 598 1536 Romae
632 1504 870 1536 Subterraneae
889 1525 898 1535 .
935 1495 1135 1535 Doffiffimi

374 1561 490 1588 autem
518 1552 573 1587 isti
600 1550 666 1589 viri
703 1551 741 1586 in
781 1563 854 1586 eam
884 1549 1024 1585 tandem
1055 1561 1135 1583 con-

374 1603 497 1639 ceffere
530 1600 736 1637 sententiam
759 1627 769 1645 ‚
797 1599 863 1635 five
898 1599 1104 1647 opinionem
1127 1621 1136 1636 ,

374 1666 435 1702 per
461 1656 593 1687 Palmae
619 1653 764 1701 Signum
793 1650 941 1686 tumulis
968 1648 1136 1685 Christia—

374 1704 429 1739 nis
479 1703 652 1751 adjeeium
696 1700 883 1750 significari
919 1699 1135 1745 Martyrium

375 1767 414 1790 ac
443 1762 590 1788 mortem
608 1779 619 1797 ‚
646 1765 750 1799 quam
779 1751 919 1786 fortiter
947 1763 1008 1796 pro
1029 1748 1135 1785 Chri-

376 1804 416 1840 sti
444 1803 583 1839 nomiae
610 1811 742 1837 veteres
770 1799 987 1842 Christiani,
1006 1802 1138 1835 Romae
1162 1818 1164 1825 ν

376 1853 575 1902 praesertim
605 1851 756 1888 subiere.
777 1853 824 1886 Et
850 1849 967 1885 Bofius
996 1851 1135 1898 quidem

374 1905 457 1942 Lib.
494 1918 530 1950 4.
557 1905 644 1950 Cap.
676 1915 738 1949 44.
766 1915 842 1951 pag.
877 1902 962 1947 684.
991 1900 1137 1937 scribit.-

377 1960 427 1990 La
458 1960 569 1990 Palma
593 1955 630 2000 fi
664 1957 743 1988 vede
779 1955 814 1987 in
847 1953 937 1997 pochi
974 1952 1165 1996 sepolcri.·.

376 2005 470 2054 quod
498 2019 562 2054 ego
591 2003 662 2039 sum
691 2007 833 2039 miratus
850 2030 860 2046 ‚
888 2015 994 2050 quum
1022 2003 1051 2037 is
1079 2015 1136 2037 an·
1163 2019 1166 2042 ι

378 2066 434 2092 tea
461 2069 522 2091 nos
551 2056 754 2097 monuerit,
790 2055 917 2089 multas
945 2052 983 2088 in
1015 2053 1138 2088 multis
1163 2060 1166 2074 ¹

377 2105 614 2143 Coemeteriis
657 2106 789 2140 Palmas
832 2103 1019 2150 insculptas
1057 2115 1123 2138 con

376 2156 485 2203 spici.
512 2158 627 2191 Immo
655 2155 682 2190 is
711 2163 935 2190 monumenta
962 2154 1138 2189 recensens
1164 2156 1167 2195 ἶ

379 2206 595 2243 Coemeterii
623 2204 788 2247 Callisti,
814 2204 895 2240 Lib.
914 2216 945 2250 3.
974 2205 1060 2251 Cap.
1079 2216 1135 2250 23.

380 2270 455 2306 pag.
485 2268 569 2304 3¹9·
599 2255 734 2291 subdit:
766 2253 1045 2302 Ne’fhpraddetti
1066 2259 1134 2288 Mo-

381 2309 526 2342 xumenti
555 2310 589 2341 vi
616 2305 683 2350 sono
724 2307 864 2352 effigiate
901 2307 1140 2339 INFINITE
1164 2309 1168 2342 1

379 2359 566 2402 PALME,
583 2355 620 2390 (T
649 2358 731 2391 altri
748 2357 852 2402 simili
871 2354 966 2401 segni
994 2357 1137 2390 diem-i>
1165 2345 1169 2410 ἰ

370 2410 514 2455 stianit&
540 2433 549 2443 .
587 2405 837 2442 celeberrimis
883 2405 1007 2441 deinde
1054 2406 1170 2454 virisi

381 2459 524 2495 Danieli
564 2456 801 2505 Papebrochio
837 2469 855 2491 e
884 2456 1057 2491 societate
1089 2459 1137 2500 Je>
1164 2460 1167 2477 ¹

382 2509 442 2552 su,
470 2509 506 2544 in
536 2507 638 2544 Affls
665 2507 869 2543 Sanfflorum
887 2533 897 2551 ‚
924 2505 962 2542 ἃ
989 2506 1139 2549 Iohanni.
1164 2479 1167 2551 l

383 2558 601 2599 Mabiuonio
644 2557 864 2596 Benedifflni
909 2556 1055 2594 Ordinis
1102 2560 1140 2594 in
1163 2559 1168 2604 ξ

1167 742 1193 775 B

1175 1646 1207 1679 U

1163 2043 1166 2058 1
1220 2046 1223 2059 1

1206 326 1209 366 l
1237 338 1390 385 Epistola
1417 342 1456 373 de
1475 342 1572 373 Cultu
1596 340 1774 375 Sanflorusn
1790 347 1995 389 [gnatorum,

1206 369 1209 414 l
1237 389 1408 437 ejusmodi
1430 389 1602 425 sententia
1629 402 1698 425 non
1728 390 1807 427 satis
1829 393 1928 430 firma
1946 395 1997 430 vi.

1205 436 1210 486 1
1238 440 1269 475 sa
1297 439 1366 475 est:
1391 448 1495 486 atque
1518 439 1546 474 ii
1573 447 1648 475 tum
1668 439 1776 477 solum
1803 443 1871 478 rati
1893 445 1971 481 sunt
1986 473 1997 490 ‚

1207 488 1433 536 'Martyrum
1461 491 1618 536 Corpora
1657 504 1716 539 per
1753 493 1908 529 Palmam
1945 510 1997 532 re-

1240 553 1316 575 vera
1353 539 1479 587 prodi,
1514 553 1620 588 quum
1659 541 1692 578 ei
1729 541 1998 590 deprehenditur

1238 589 1439 638 adjune‘cum
1466 592 1536 626 Vas
1563 590 1729 639 aliquod,
1751 592 1882 630 sacrum
1909 595 2000 632 olim

1238 653 1356 676 eorum
1395 639 1597 689 sanguinem
1635 643 1845 681 continens.
1884 647 1999 682 Immo

1238 692 1271 727 &
1300 700 1380 727 ante
1407 691 1490 727 ilios
1517 691 1732 729 doaiffimos
1762 697 1863 730 Viros
1903 699 1999 733 Scae-

1239 742 1337 778 chius
1381 741 1586 778 Pontificiae
1623 741 1816 792 Cappellae
1866 746 2002 783 Praefe-

1239 792 1314 829 &us
1344 793 1466 828 eodem
1495 801 1652 841 tempore
1671 820 1681 838 ,
1709 794 1776 830 hoc
1814 794 1859 830 est
1885 795 2002 832 seden-

1240 853 1274 879 te
1302 844 1445 879 Urbano
1466 845 1568 880 VIII.
1599 846 1688 892 Papa
1705 871 1715 889 ‚
1732 844 1875 881 dubium
1904 848 2003 883 Mar-

1240 894 1327 939 tyrii
1354 893 1497 942 Signum
1533 894 1729 931 rationibus
1772 896 1895 932 multis
1925 898 2005 933 Pal-

1241 957 1330 980 mam
1377 944 1598 981 ostenderat.
1641 946 1743 981 Adde
1781 946 2002 984 Franciscum

1243 994 1396 1031 Mariam
1424 995 1631 1044 Torrigium
1660 996 1675 1044 (
1698 1005 1737 1032 ut
1771 997 1860 1034 alios
1897 998 2006 1034 omit-

1241 1045 1346 1093 tam)
1376 1045 1439 1093 qui
1476 1046 1514 1081 in
1541 1047 1680 1086 Libro,
1708 1046 1765 1083 cui
1804 1048 1930 1085 titulus
1958 1054 2007 1083 Le

1232 1095 1326 1143 sture
1352 1100 1472 1130 Grotte
1499 1098 1675 1137 Vaticane,
1700 1099 1831 1133 Romae
1857 1098 2002 1145 impres-

1242 1145 1278 1181 so
1305 1147 1413 1185 Anno
1440 1147 1718 1183 MDCXXXIX.
1741 1149 1832 1183 Part.
1854 1160 1888 1184 2.
1912 1150 2000 1198 Cap.

1243 1197 1356 1246 primo
1377 1224 1388 1242 ,
1416 1196 1605 1233 memoriae
1634 1197 1785 1244 prodidit
1805 1222 1817 1238 ‚
1848 1199 2002 1235 Palmam

1241 1248 1419 1284 interdum
1454 1247 1610 1287 indicate
1637 1249 1795 1294 Cristiano
1831 1263 1889 1284 non
1916 1263 2004 1284 mar-

1242 1300 1438 1333 tirizzato.
1483 1301 1644 1343 Quorum
1683 1297 1761 1334 sane
1797 1310 2002 1347 argumenta

1243 1348 1439 1396 Aringhius
1466 1349 1546 1384 Lib.
1567 1349 1602 1384 6.
1630 1350 1717 1396 Cap.
1736 1361 1797 1394 44.
1824 1349 1887 1385 fibi
1913 1350 2002 1396 obji-

1244 1398 1316 1435 cit,
1343 1411 1382 1434 ac
1410 1398 1557 1434 modeste
1583 1398 1737 1438 refellit,
1759 1399 1851 1447 suam
1876 1398 2002 1445 senten-

1245 1450 1328 1483 tiam
1360 1447 1613 1493 probabiliorem
1639 1452 1776 1494 a'ucens,
1804 1452 2005 1485 contrariam

1243 1509 1352 1533 tamen
1379 1501 1465 1532 haud
1488 1502 1613 1532 omnino
1640 1500 1924 1545 7·c{{icie›:5‚neque
1945 1503 2007 1535 im-

1240 1551 1377 1592 probans
1402 1573 1411 1582 .
1449 1549 1581 1582 Verum
1629 1547 1749 1583 nostris
1787 1551 2003 1598 temporibus

1244 1597 1421 1647 egregium
1451 1597 1552 1632 nafih
1579 1597 1625 1632 est
1653 1601 1767 1631 Palma
1795 1608 2006 1646 patronum,

1218 1671 1219 1676 =
1244 1646 1512 1684 eruditissimum
1542 1660 1665 1696 nempe
1686 1647 1811 1683 Virum
1842 1648 2007 1687 Marcum

1246 1698 1445 1734 Antonium
1475 1698 1679 1733 Boldettum
1697 1699 1917 1735 Canonicum
1936 1703 2007 1736 Ro-

1246 1761 1385 1784 manurn
1401 1773 1410 1788 ‚
1426 1749 1568 1797 dignum
1597 1751 1632 1783 in
1650 1748 1843 1796 hujusmodi
1865 1750 2004 1797 palestra

1246 1798 1521 1835 dofiiffimorum
1553 1799 1720 1835 Virorum
1750 1799 2004 1850 succefl‘orem3

1219 1867 1221 1872 ,
1247 1853 1373 1898 quippe
1402 1849 1462 1897 qui
1495 1851 1602 1885 Anno
1618 1851 1844 1888 MDCCXX.
1874 1854 2006 1888 Romae

1247 1901 1340 1948 typis
1387 1899 1527 1935 tradidit
1574 1900 1789 1937 elaboratum
1832 1903 1929 1950 Opus
1966 1905 2006 1937 de

1220 1953 1458 1987 ›Coemeteriis
1499 1952 1677 1985 Sanfforum
1714 1955 1904 1996 Martyrum
1923 1979 1933 1996 ‚
1970 1953 2007 1987 &⁵

1220 2021 1222 2041 ς
1250 2012 1393 2036 veterum
1408 2002 1679 2047 Christianorum.
1696 2001 1728 2037 Is
1755 2011 1871 2039 autem
1893 2002 2004 2040 Libro

1220 2076 1222 2084 Α
1252 2051 1366 2087 Primo
1393 2065 1411 2088 a
1439 2054 1526 2099 Cap.
1551 2064 1612 2097 42.
1639 2052 1744 2100 usque
1771 2054 1812 2089 ad
1837 2055 1923 2100 Cap.
1944 2064 2002 2098 55.

1183 2098 1223 2144 ἷῖἱς
1251 2103 1458 2138 contrariam
1488 2102 1691 2137 sententiam
1709 2116 1910 2151 oppugnans
1926 2129 1936 2147 ,
1952 2103 2007 2138 fu-

1221 2152 1369 2188 esiffime
1406 2152 1472 2188 hoc
1509 2162 1750 2200 argumentum
1789 2152 1919 2197 versat,
1952 2162 2004 2188 at-

1250 2216 1314 2250 que
1343 2201 1534 2238 rationibus
1564 2203 1648 2237 bene
1675 2202 1817 2242 multis.
1834 2213 2005 2240 veterum-

1250 2267 1317 2300 que
1345 2253 1444 2289 simul
1472 2267 1510 2289 ae
1540 2255 1767 2289 recentiorum
1787 2253 2001 2300 Scriptorum

1251 2304 1459 2340 anaoritate
1487 2304 1611 2343 nixus,
1640 2303 1846 2346 contendit,
1863 2308 2005 2339 Palmam

1221 2364 1225 2406 ξ
1250 2355 1286 2390 in
1315 2355 1460 2390 tumulis
1480 2353 1686 2390 Christianis
1713 2353 1935 2389 certiffimum
1958 2354 2006 2390 es-

1222 2410 1224 2419 '
1251 2404 1281 2441 se
1309 2404 1476 2451 Martyrii
1505 2404 1647 2452 Signum
1674 2417 1713 2439 ac
1730 2403 1919 2440 indicium.
1949 2407 2004 2440 In-

1248 2466 1299 2492 ter
1327 2466 1438 2495 cetera
1470 2454 1577 2493 tradit
1595 2478 1605 2493 ,
1632 2456 1767 2490 Sacram
1807 2457 2002 2504 Congrega-

1247 2506 1379 2542 tior-iem
1418 2507 1607 2540 Romanam
1656 2504 1828 2551 Reliquiis
1875 2503 2002 2552 praefe-

1246 2556 1335 2593 δίει-ι]
1376 2557 1483 2592 Anno
1529 2556 1814 2593 MDCLXVIII.
1858 2567 2003 2590 examen

1867 2604 1959 2641 inssi-
