2237 3068
300 268 378 297 221
633 253 1479 293 PATAVINUM.
1727 268 1808 296 222

531 320 546 345 1
579 321 599 345 2
629 312 650 345 6
681 322 713 357 3.

291 363 335 396 D.
362 358 563 399 Matthaeus
591 360 631 395 de
657 359 821 408 Corrigia
848 359 890 395 de
920 361 997 394 Par-

241 424 296 447 ma
325 410 474 447 Potestas
503 410 657 446 paduae.
679 412 732 446 Eo
755 420 912 458 tempore
933 412 999 445 Ur-

241 462 348 497 banus
399 463 488 508 Papa
533 463 687 507 Quartus
733 460 887 497 contulit
933 463 999 496 Re-

241 525 348 562 gnum
386 511 527 548 Siciliae
555 513 686 547 Carolo
713 512 854 548 Comiti
882 511 999 547 Ande-

241 561 400 611 gavenfi,
427 562 465 598 ἃ.
504 562 710 598 Provinciae
748 572 868 598 contra
898 564 999 598 Man-

241 613 374 649 fredum
418 612 531 649 filium
575 612 780 648 frederici.
827 613 899 648 Hic
942 625 1001 659 per

242 665 464 701 Clementem
514 665 689 709 Quartum
736 665 844 698 Anno
895 664 1000 707 1265.

242 717 376 751 Romae
403 724 587 750 coronatus
615 713 682 757 est,
709 727 780 761 quo
808 714 849 749 de
880 713 996 749 Marii-

243 766 290 801 lia
318 777 395 800 eum
436 767 510 799 XX.
537 765 656 800 Galeis
684 773 846 800 venerat.
873 763 998 799 Alium

242 819 324 851 vero
344 815 537 850 exereitum
559 814 747 850 transmisit
768 828 827 863 per
850 823 973 850 terram
991 841 1000 857 ,

241 867 276 902 8<
314 868 459 901 Senator
495 865 603 901 Urbis
641 864 750 901 factus
777 864 851 900 est.
890 867 1000 913 Leges

243 925 359 952 autem
397 915 537 964 regendi
582 918 738 963 Regnum
782 916 880 962 juxta
917 915 1001 950 scita

245 967 350 1015 Regis
385 965 577 1002 Guilielmi
613 965 674 1001 fibi
713 967 860 1001 traditae
900 965 1002 1000 sunt.

243 1019 290 1052 Et
332 1027 415 1052 tunc
457 1016 618 1063 inceptus
664 1015 708 1050 est
749 1028 900 1055 murus,
943 1016 1002 1051 ubi

242 1068 337 1114 prius
363 1074 461 1102 erant
489 1075 625 1101 tantum
654 1066 769 1112 Spaldi
799 1065 913 1101 versus
935 1068 1001 1101 Oc-

240 1115 390 1152 cidentis
416 1123 549 1163 partem
580 1117 613 1149 in
645 1115 758 1150 Padua
776 1141 786 1150 .

535 1176 549 1200 1
584 1177 605 1200 2
634 1166 658 1200 6
684 1177 720 1210 4.

294 1216 340 1252 D.
367 1217 575 1253 Laurentius
610 1215 774 1264 Teopolo
811 1215 853 1252 de
892 1217 1002 1251 Vene-

245 1265 308 1303 riis
350 1266 499 1303 Potestas
541 1265 676 1302 Paduae
700 1291 709 1301 .
749 1268 802 1301 Eo
849 1274 1004 1315 tempore

243 1316 412 1355 Urbanus
450 1319 540 1365 Papa
578 1318 734 1362 Quartus
768 1319 925 1365 Regnum
954 1317 1004 1352 Si-

244 1366 348 1403 ciliae
376 1392 387 1408 ,
432 1368 525 1415 quod
573 1366 775 1402 Manfredus
826 1367 1005 1402 detinebat

242 1418 445 1462 violenter,
495 1416 651 1452 contulit
691 1418 825 1451 Garolo
866 1417 1004 1452 Comiti

246 1467 452 1503 Provinciae
479 1466 578 1503 fratri
609 1465 711 1515 Regis
740 1469 905 1502 Franciae
934 1469 1003 1503 Lu-

243 1517 385 1561 devici,
412 1525 452 1554 ut
477 1531 496 1553 a
535 1516 721 1553 Manfredo
758 1517 931 1564 eriperet.
960 1520 1005 1552 Et

243 1569 408 1604 Cometes
435 1576 505 1603 tam
527 1567 693 1602 notabilis
715 1568 902 1616 apparuit,
923 1580 1003 1614 qua—

242 1618 311 1654 lem
343 1626 427 1653 tunc
463 1618 579 1654 nullus
616 1617 737 1653 vivens
775 1628 856 1654 ante
890 1618 1002 1653 vidit:

241 1669 301 1705 Ab
328 1669 474 1704 Oriente
500 1668 595 1704 enim
625 1680 705 1703 eum
733 1681 863 1716 magno
891 1668 1005 1723 fulgo-

240 1732 276 1755 re
314 1718 452 1767 surgens
490 1719 596 1766 usque
631 1718 672 1754 ad
711 1720 866 1754 medium
907 1718 1005 1754 Emi—

243 1768 372 1817 spherii
400 1768 502 1804 nostri
529 1768 739 1815 exsurgens,
767 1769 880 1804 versus
906 1771 1001 1804 Occi·

243 1820 382 1854 dentem
418 1832 555 1855 comam
592 1818 805 1866 perlucidam
837 1820 1003 1867 tenebat3

242 1870 276 1904 &
307 1869 393 1904 licet
429 1868 467 1904 in
503 1867 642 1904 diverfis
679 1868 809 1903 Mundi
849 1869 1004 1916 partibus

245 1918 378 1954 diversa
414 1918 685 1966 significaverit,
713 1918 778 1953 hoe
816 1927 931 1954 tamen
968 1933 1004 1954 u-

243 1982 326 2005 num
362 1982 424 2017 pro
461 1977 557 2005 certo
595 1977 811 2016 compertum
850 1969 939 2008 fuit,
967 1977 1004 2004 ut

244 2019 424 2067 plusquam
453 2032 513 2068 pei
541 2029 611 2055 tres
644 2019 772 2054 menses
805 2019 1004 2055 duraverit.

242 2069 321 2117 Ipso
349 2069 443 2118 prius
471 2078 680 2117 apparente,
722 2071 812 2117 Papa
844 2070 1004 2105 Urbams

245 2119 363 2167 coepit
399 2118 592 2162 infirmari,
630 2121 663 2154 &
701 2132 739 2154 ea
777 2120 899 2159 nocie,
938 2133 1004 2168 qua

245 2171 335 2219 Papa
362 2169 476 2209 obiit,
505 2170 682 2217 expiravit
709 2171 741 2204 8<
771 2172 959 2206 Cometes.

538 2233 551 2256 1
586 2233 605 2256 2
635 2221 659 2256 6
687 2230 719 2265 5.

294 2272 340 2307 D.
367 2271 581 2307 Gerardinus
607 2274 753 2319 Longus
781 2270 823 2306 de
850 2273 1003 2307 Veneriis

246 2321 393 2358 Potestas
421 2322 574 2358 paduae.
599 2324 652 2357 Eo
677 2331 834 2370 tempore
854 2320 1004 2358 Carolus

244 2374 372 2408 Comes
412 2372 641 2416 Provinciae,
669 2372 730 2420 qui
769 2386 830 2420 pro
866 2385 998 2419 recupe-

246 2422 380 2458 ratione
421 2424 533 2471 Regni
581 2423 723 2458 Siciliae
766 2436 827 2470 per
878 2425 1004 2470 Papam

248 2473 424 2508 Urbanum
465 2477 640 2520 Quartum
680 2482 824 2509 vocatus
861 2472 972 2509 fuerat
994 2500 1004 2517 ,

244 2522 385 2570 navigio
423 2526 570 2560 Romam
608 2524 730 2568 venit,
759 2525 791 2559 &
830 2523 881 2559 ibi
922 2532 1004 2558 tune

244 2571 280 2608 in
318 2576 516 2611 senatorem
552 2574 722 2622 eligitur;
755 2574 875 2610 deinde
903 2575 1003 2622 Apu-

1040 311 1084 345 Αἱ
1112 309 1196 344 liam
1235 310 1368 345 intrans
1405 311 1499 345 bello
1537 309 1712 358 campestri
1754 312 1874 348 habito

1111 358 1335 395 Manfredum
1364 359 1425 396 fibi
1453 361 1629 396 violenter
1655 360 1874 397 detenentem

1113 411 1295 458 Regnum,
1322 409 1397 446 vita
1424 409 1461 447 &
1494 409 1654 447 dominio
1690 411 1773 447 dieti
1809 415 1876 448 Re-

1110 460 1173 508 gni
1221 460 1403 507 privavit.
1441 464 1494 497 Eo
1542 470 1696 510 tempore
1741 462 1875 499 decisus

1113 510 1181 546 fuit
1224 511 1398 547 Dominus
1439 512 1651 548 Guilielmus
1692 513 1747 548 del
1788 516 1875 550 Saza

1113 561 1155 596 de
1183 560 1388 609 Ungarellis
1418 575 1477 610 per
1506 563 1699 598 Dominum
1724 564 1874 600 Bartho-

1112 612 1287 647 lomaeum
1318 612 1594 657 Macharuffum,
1620 626 1686 660 qua
1709 613 1749 649 de
1775 613 1875 651 causa

1113 674 1239 709 magna
1267 662 1423 698 turbatio
1454 662 1522 699 fuit
1549 662 1586 698 in
1618 664 1779 700 Civitate
1813 667 1876 700 Pa-

1113 713 1233 762 duae3
1272 712 1326 748 sed
1354 713 1474 761 vigore
1505 713 1683 749 Potestatis
1713 715 1798 751 bene
1826 715 1874 751 se-

1113 763 1193 799 data
1223 762 1316 812 fuit3
1339 762 1507 809 quoniam
1536 776 1614 799 cum
1639 765 1875 801 Antianorum

1114 813 1259 849 confilio
1287 822 1482 849 convocato
1511 815 1647 861 Populo
1675 815 1792 851 subito
1817 829 1877 864 per

1115 864 1234 900 sonum
1262 877 1447 912 campanae
1479 877 1623 912 magnae
1657 865 1696 900 ad
1735 867 1878 902 martel-

1113 916 1210 954 lum,
1242 914 1335 963 capti
1374 914 1514 950 fuerunt
1554 914 1775 960 homicidae,
1812 915 1876 963 qui

1113 974 1213 1000 erant
1239 964 1276 1000 in
1304 965 1411 999 domo
1439 978 1562 1013 magna
1592 966 1680 1013 apud
1717 966 1879 1002 §anetam

1114 1017 1286 1057 Luciam,
1313 1013 1351 1050 ἂ
1390 1014 1519 1050 ultimo
1557 1014 1730 1064 supplicio
1758 1017 1877 1064 puniti

1115 1064 1215 1100 sunt.
1242 1064 1384 1100 Transit
1410 1078 1492 1113 ergo
1519 1067 1668 1101 Carolus
1696 1079 1756 1114 per
1793 1069 1877 1101 San-

1114 1115 1209 1150 &um
1239 1116 1476 1155 Germanum,
1505 1114 1542 1151 &
1572 1117 1735 1150 Montem
1766 1115 1876 1152 Caffi-

1115 1178 1197 1200 num
1240 1164 1330 1200 acies
1372 1165 1496 1212 dirigit
1536 1165 1575 1201 in
1616 1165 1840 1202 Manfredum
1865 1193 1877 1212 ‚

1115 1214 1237 1263 quise
1264 1216 1299 1250 in
1336 1216 1576 1251 Beneventum
1615 1225 1811 1265 receperat,
1841 1218 1876 1252 δε

1115 1266 1236 1301 oblato
1265 1279 1323 1313 per
1349 1267 1518 1302 Carolum
1549 1267 1664 1310 bello,
1701 1276 1874 1316 pugnatur

1116 1316 1280 1363 utrinque
1308 1316 1345 1351 in
1373 1315 1514 1364 Campo
1542 1315 1669 1352 florido
1697 1317 1734 1352 in
1763 1318 1877 1366 plani-

1116 1367 1164 1402 tie
1193 1355 1239 1402 BT:
1245 1365 1407 1402 neventi.
1429 1367 1601 1402 Tamdem
1632 1367 1703 1414 post
1726 1380 1875 1416 pugnam

1115 1417 1318 1451 acerrimam
1348 1415 1443 1462 pulsa
1469 1417 1543 1452 acie
1575 1415 1775 1462 Manfredi,
1802 1418 1874 1467 ipse

1114 1466 1232 1515 gladio
1260 1466 1450 1502 occubuit.

1409 1529 1422 1552 1
1458 1529 1477 1552 2
1507 1517 1531 1553 6
1558 1518 1591 1553 6.

1166 1568 1209 1602 D.
1250 1566 1436 1614 Jacopinus
1480 1569 1618 1603 Rubeus
1659 1567 1701 1604 de
1751 1570 1874 1605 Parma

1119 1617 1267 1653 Potestas
1296 1617 1452 1653 Paduae.
1480 1619 1533 1653 Eo
1560 1627 1715 1666 tempore
1744 1619 1875 1655 Padua-

1115 1671 1148 1703 ni
1189 1681 1268 1703 cum
1305 1681 1430 1716 magno
1474 1669 1630 1704 exercitu
1668 1668 1876 1705 obsederunt

1114 1717 1273 1754 Castrum
1301 1718 1451 1754 Leonici
1482 1719 1751 1755 Vicentinorum
1773 1746 1782 1763 ,
1819 1720 1879 1755 de-

1115 1777 1251 1804 tentum
1279 1781 1296 1802 a
1326 1768 1577 1804 Veronensibus
1602 1770 1801 1805 tenentibus
1827 1770 1876 1804 di-

1116 1818 1211 1853 &um
1240 1817 1399 1854 Castrum
1432 1820 1516 1853 bene
1543 1819 1718 1854 munitum
1748 1820 1789 1854 ad
1823 1819 1876 1856 sui

1116 1867 1374 1917 defensionem3
1411 1869 1445 1903 &
1483 1868 1605 1904 Mense
1631 1869 1795 1905 OE‘tobris
1822 1870 1878 1905 di-

1115 1918 1210 1954 &um
1240 1918 1394 1954 castrum
1425 1918 1644 1955 habuerunt.
1681 1922 1728 1955 Et
1765 1919 1876 1967 postea

1117 1967 1301 2004 Vicentini
1328 1969 1494 2004 dederunt
1523 1970 1691 2005 Paduanis
1714 1970 1789 2005 suae
1810 1969 1878 2006 Ci-

1116 2018 1238 2055 vitatis
1274 2020 1387 2054 claves
1412 2046 1421 2062 ,
1459 2021 1491 2054 8<
1520 2033 1638 2056 eorum
1683 2021 1875 2065 Potestati‚

1115 2073 1145 2103 ὅ(
1183 2069 1243 2104 suo
1281 2069 1440 2105 dominio
1479 2069 1510 2104 se
1549 2069 1792 2106 subdiderunt.
1829 2073 1877 2106 Et

1115 2128 1198 2155 tunc
1242 2119 1395 2156 Paduani
1450 2121 1629 2168 elegerunt
1681 2121 1876 2157 Dominum

1116 2169 1347 2217 Henrigetum
1393 2170 1434 2206 de
1483 2171 1610 2219 Capite
1662 2174 1796 2207 Vaccae
1836 2171 1876 2207 in

1117 2219 1344 2264 Potestatem‚
1378 2222 1410 2256 &
1445 2220 1628 2257 Refflorem
1666 2221 1876 2258 Communis

1115 2270 1320 2307 vicentiae.
1349 2272 1395 2306 Et
1423 2271 1480 2307 die
1507 2272 1699 2308 Dominico
1725 2271 1877 2309 XXIIII.

1114 2321 1278 2356 Offiobris
1306 2321 1400 2357 obiit
1431 2323 1605 2359 Dominus
1644 2324 1795 2358 Ubertus
1833 2323 1875 2358 de

1116 2371 1389 2407 Delesmaninis.
1411 2374 1455 2408 Et
1476 2373 1541 2421 die,
1555 2374 1752 2421 penultimo
1773 2375 1876 2409 Men-

1113 2421 1152 2457 fis
1180 2422 1335 2466 Januarii
1366 2423 1489 2458 Beatus
1518 2423 1697 2459 Antonius
1721 2424 1876 2471 Peregri-

1113 2486 1176 2508 nus
1195 2472 1237 2508 de
1260 2472 1373 2509 Padua
1402 2473 1570 2522 migravit
1598 2474 1638 2510 ad
1662 2475 1875 2513 Dominum,

1113 2523 1174 2570 qui
1226 2524 1317 2570 jacet
1361 2533 1441 2559 ante
1494 2524 1680 2560 Ecclesiam
1733 2523 1877 2559 Sanciae

1114 2573 1252 2619 Mariae
1279 2574 1321 2609 de
1350 2574 1528 2611 Porcilia.
1567 2577 1614 2611 Et
1644 2574 1795 2610 Paduani
1823 2573 1876 2609 in-

1200 2625 1225 2658 P
1253 2635 1274 2658 2
1719 2637 1823 2659 nova-
