2237 3068
287 240 366 283 205

221 349 261 372 ca
298 334 479 371 meridiem
517 334 585 370 fuit
620 335 753 383 eclipsis
790 336 902 371 Solis.
931 327 1007 371 Et‘

221 385 342 422 eodem
370 385 484 421 mense
512 389 592 421 Azo
618 386 781 421 Marchio
807 399 887 421 cum
916 385 978 422 suis

221 436 341 472 amicis
367 436 409 471 de
436 436 606 471 comitiva
628 436 850 482 Imperatoris
873 436 978 472 reces-

222 486 361 522 serunt.
398 488 501 522 Tunc
539 490 622 521 vero
669 489 862 532 Imperator
898 486 977 522 reli-

221 537 280 573 Εῒο
306 537 402 573 dicio
433 539 475 571 D.
503 537 690 573 Thebaldo
719 537 887 573 Potestate
917 539 978 573 Pa-

220 588 328 631 duae,
367 587 404 624 &
443 586 502 622 suo
539 587 684 624 vicario
721 587 756 623 in
794 587 978 628 Mai-chia,

221 639 266 674 fic
293 648 408 674 tamen
438 647 477 673 ut
504 646 659 673 uteretur
686 637 830 673 consilio
863 638 976 674 Ezeli-

223 689 281 729 ni,
309 687 472 724 transiens
499 701 577 723 cum
616 688 772 724 exercitu
800 689 837 724 in
873 691 977 725 Lom-

223 738 400 777 bardiam,
427 739 594 785 quaedam
623 738 742 775 Castra
780 738 976 774 Bononien-
1012 736 1042 772 B

222 788 306 825 sium
335 788 548 828 devastavit,
575 790 608 824 81
637 789 718 825 inde
743 788 781 825 in
809 789 978 838 Apuliam

223 839 256 876 se
283 838 456 876 contulit.

514 902 529 925 1
562 901 582 925 2
610 902 636 936 4
664 902 695 925 1.
844 915 846 917 »

273 942 318 976 D.
357 939 560 976 Thebaldus
599 940 790 987 praed-isius
830 938 977 975 Potestas

223 991 387 1026 Paduae.
431 992 483 1025 Eo
526 1000 682 1037 tempore
725 991 816 1026 circa
859 990 976 1025 festum

222 1040 338 1075 sanffi
370 1041 468 1074 Pauli
495 1038 664 1075 Cometes
684 1042 842 1086 apparuit
863 1042 975 1075 versus

219 1090 413 1132 Occidens,
451 1087 488 1123 &
525 1089 581 1124 vir
617 1090 858 1137 magnanimus
896 1089 976 1124 Phi-

217 1138 334 1187 lippus
361 1138 552 1182 Episcopus
585 1139 805 1174 Ferrariensis
837 1140 976 1175 rebellis

220 1199 341 1225 contra
389 1189 643 1238 Salinguerram
693 1203 752 1237 pro
798 1189 975 1232 Ecclesia,
1013 1185 1045 1222 C

222 1238 473 1289 Bragantinum
511 1238 548 1276 ἃ
580 1240 785 1275 Bondenum
824 1240 976 1276 viriliter

218 1290 427 1338 occupavit,
454 1290 487 1324 &
527 1290 655 1326 Veneti
683 1303 762 1325 cum
791 1303 917 1338 magno
944 1305 974 1326 e-

219 1341 377 1381 xercitu.
407 1339 662 1380 Bononienses,
700 1341 909 1384 Mantuani,
939 1340 974 1377 ἃ

221 1391 325 1426 multi
347 1390 475 1426 milites
498 1391 775 1426 Mediolanenses
800 1404 878 1426 cum
907 1393 973 1425 Do—

220 1442 315 1476 mino
342 1442 511 1487 Gregorio
537 1440 579 1475 de
611 1442 846 1489 Montelongo
880 1444 968 1488 Apo*

218 1491 358 1527 stolicae
412 1490 507 1526 Sedis
556 1492 691 1539 Legato
710 1518 719 1534 ‚
769 1491 973 1528 obsederunt

219 1541 409 1577 Ferrariam
448 1541 485 1576 in
522 1542 694 1577 auxilium
731 1541 974 1585 marchionis,

217 1605 320 1639 quam
350 1591 409 1627 sub
436 1591 554 1628 dolosa
582 1591 692 1633 specie
715 1592 973 1640 compositionis

217 1642 288 1691 post
326 1651 475 1690 quatuor
511 1642 641 1677 menses
666 1669 677 1686 ,
719 1653 821 1691 capto
863 1644 972 1678 Salin-

217 1706 337 1741 guerra
375 1692 467 1740 quasi
505 1693 706 1740 decrepito,
733 1698 762 1728 &
800 1693 906 1728 duae
936 1693 973 1728 in

219 1742 406 1778 custodiam
449 1746 666 1778 Venetorum
693 1769 703 1787 ,
749 1743 852 1790 usque
894 1743 972 1778 dum

220 1793 344 1836 vixit,
385 1806 444 1840 per
482 1796 525 1828 D.
566 1794 732 1836 Jacobum
774 1793 972 1841 Teopolum

221 1844 353 1878 Ducem
392 1843 616 1878 Venetiarum
651 1844 897 1879 obtinuerunt.
928 1845 974 1878 Et

219 1892 333 1928 mense
364 1893 509 1940 Augusti
547 1892 703 1939 sequenti
735 1893 876 1929 audiens
905 1894 972 1928 Im-

218 1952 377 1992 perator,
406 1944 552 1979 Paulum
590 1942 848 1979 Traversarium
887 1942 971 1979 ami-

218 2006 296 2029 cum
334 1992 557 2029 Marchionis
592 1993 761 2029 intimum
789 1994 854 2030 effe
881 2006 970 2029 mor-

217 2051 339 2085 tuum,
369 2044 509 2079 veniens
537 2043 577 2078 de
606 2045 735 2090 Apulia
764 2057 842 2079 curn
878 2056 971 2080 exer-

215 2094 289 2129 citu
326 2093 460 2129 obsedit
483 2117 494 2134 ,
530 2095 563 2128 3<
601 2094 693 2140 cepit
739 2096 971 2142 Ravennan13

215 2143 339 2180 deinde
374 2143 510 2179 obsedit
550 2144 754 2179 Faventiam
792 2158 852 2191 per
891 2145 972 2181 οᾶο

215 2194 370 2230 menses.
399 2196 444 2229 Et
472 2194 666 2242 praediffius
696 2194 845 2230 Potestas
878 2195 972 2244 cepit

217 2245 410 2281 Dominum
451 2245 618 2289 jacobum
660 2245 701 2280 de
738 2245 896 2281 Carraria
934 2245 971 2282 in

215 2295 337 2332 Castro
365 2297 511 2344 Agnae,
548 2295 584 2331 ἃ
626 2295 822 2343 Ugolinum
853 2296 971 2332 Advo-

219 2357 332 2382 catum
371 2345 406 2381 in
444 2345 563 2381 Castro
605 2347 781 2385 Brenrae,
821 2347 853 2380 8<
890 2347 970 2382 illos

218 2396 401 2441 decapitari
429 2396 510 2431 fecit
538 2397 575 2432 in
603 2396 680 2431 foro
713 2396 874 2444 publico,
912 2397 971 2432 ubi

216 2446 379 2482 venditur
415 2447 577 2487 bladum,
616 2457 783 2496 tanquam
821 2447 970 2496 prodito—

215 2508 267 2532 res
295 2496 558 2545 perfidissimos.

386 276 393 291 ς
613 231 649 267 Ρ
710 229 751 267 A
813 230 853 268 T
915 231 958 268 A
1017 232 1056 268 V
1107 229 1130 268 Ι
1189 231 1231 267 Ν
1288 231 1325 269 U
1384 233 1452 270 M.

222 285 303 333 sque
330 286 370 320 ad
401 296 511 319 mare.
539 285 586 320 Et
613 286 669 321 die
698 286 760 321 lli.
786 284 884 328 junii
914 288 977 320 cir-
1016 288 1050 322 A

1705 244 1788 278 226

1381 299 1396 322 1
1430 301 1449 323 2
1477 299 1502 333 4
1531 299 1563 323 2.

1142 337 1188 372 D.
1229 335 1430 374 Thebaldus
1467 337 1657 385 praediaus
1702 342 1849 380 Potestas

1091 387 1248 422 Paduae.
1275 389 1327 423 Eo
1355 397 1511 438 tempore
1539 390 1731 438 Imperator
1756 393 1849 429 obti-

1091 437 1170 472 nuit
1206 439 1410 474 Faventiam
1439 452 1498 488 per
1530 440 1670 489 longam
1698 442 1847 479 obsidio·

1090 499 1190 524 nem.
1218 490 1264 523 Et
1301 488 1417 525 Pisani
1454 500 1607 536 tempore
1636 492 1762 528 aestivo
1794 506 1848 530 ce-

1090 546 1214 585 perunt
1248 538 1334 574 duos
1371 540 1602 581 Cardinales,
1644 546 1674 577 &
1715 545 1847 581 multos

1091 589 1267 624 Praelatos
1304 598 1423 625 euntes
1462 592 1610 626 Romam
1639 593 1680 628 ad
1720 595 1848 642 Papam

1089 651 1149 686 per
1176 651 1269 675 mare
1295 639 1519 685 Tyrrhenum
1549 640 1585 676 in
1616 643 1762 680 navibus
1792 647 1849 688 Ja-

1089 689 1306 738 nuensium3
1346 691 1380 725 &
1424 691 1599 726 modicum
1644 694 1714 741 post
1753 694 1848 731 obiit

1089 740 1181 787 Papa
1218 740 1408 788 Gregorius
1446 743 1596 790 Nonus;
1635 754 1848 792 vacanteque

1089 790 1173 826 Sede
1211 791 1332 826 multis
1360 791 1502 831 diebus,
1529 792 1680 828 tamdem
1717 795 1848 831 elchias

1088 839 1157 875 fuit
1185 841 1276 888 Papa
1304 841 1518 876 coelestinus
1545 842 1587 877 de
1614 844 1847 889 Mediolano,

1087 890 1150 937 qui
1193 891 1287 926 vixit
1329 890 1451 926 diebus
1495 894 1659 934 XV111.,
1700 896 1732 929 8<
1775 908 1847 931 non

1088 940 1265 988 pluribus:
1296 943 1342 976 Et
1369 954 1451 989 gens
1478 942 1598 981 effera.
1615 945 1847 981 Tartarorum

1087 999 1199 1025 totam
1242 991 1434 1039 Ungariam
1475 992 1692 1029 devastavit.
1744 995 1847 1031 Unde

1089 1042 1163 1075 Rex
1192 1041 1275 1075 Bela
1302 1040 1364 1075 vix
1391 1041 1582 1088 effugiens,
1609 1044 1782 1092 applicuit
1803 1044 1846 1081 ad

1085 1089 1266 1125 maritima
1293 1091 1518 1126 sclavoniae.

1377 1152 1391 1175 1
1426 1153 1446 1176 2
1474 1154 1500 1187 4
1526 1153 1561 1189 3.

1138 1192 1183 1226 D.
1211 1191 1388 1226 Galvanus
1415 1193 1536 1228 Lanza
1563 1192 1604 1229 de
1627 1195 1757 1242 Apulia
1781 1198 1845 1233 Po-

1086 1240 1183 1276 testas
1214 1241 1369 1277 paduae.
1397 1242 1450 1276 Eo
1486 1251 1642 1292 tempore
1673 1245 1846 1283 Cardina-

1086 1292 1134 1326 les
1173 1291 1244 1337 post
1280 1292 1393 1327 multa
1429 1292 1571 1329 consilia
1601 1296 1779 1344 elegerunt
1805 1298 1845 1333 in

1089 1343 1214 1389 Papam
1246 1342 1439 1377 Dominum
1463 1344 1708 1381 Innocentium
1732 1349 1845 1392 Quar-

1086 1400 1160 1426 tum
1198 1391 1341 1428 natione
1377 1393 1580 1435 Januensem
1608 1396 1650 1431 de
1686 1398 1845 1433 Comiti-

1087 1442 1146 1476 bus
1186 1441 1387 1485 Lavaniae,
1426 1443 1488 1489 qui
1525 1446 1713 1482 vocabatur
1751 1447 1845 1483 sini-

1086 1491 1229 1537 baldus,
1250 1493 1281 1527 8<
1312 1501 1384 1527 erat
1413 1501 1496 1528 tunc
1523 1496 1743 1533 Cardinalis.
1773 1500 1843 1534 Hic

1086 1542 1155 1578 sere
1195 1541 1364 1592 quaesivit
1404 1543 1538 1579 duobus
1580 1547 1680 1582 annis
1720 1547 1844 1584 habere

1086 1606 1203 1641 pacem
1247 1605 1341 1628 cum·
1369 1594 1613 1642 Imperatore,
1658 1606 1698 1633 ut
1738 1597 1843 1634 finem

1085 1643 1215 1692 guerris
1252 1643 1480 1692 imponeret:
1519 1646 1612 1693 quod
1650 1649 1844 1694 Imperator

1084 1693 1276 1736 recusavit,
1307 1693 1426 1730 videns
1456 1694 1487 1729 se
1513 1696 1605 1743 quasi
1633 1707 1744 1734 totam
1773 1700 1844 1735 Ita-

1085 1743 1170 1779 liam
1224 1743 1388 1792 poffidere
1413 1756 1425 1791 ;
1471 1745 1654 1782 intendens
1703 1749 1843 1796 penitus

1085 1792 1304 1829 clericorum
1345 1794 1519 1841 peffimam
1558 1795 1750 1843 superbiam
1790 1813 1842 1835 re-

1087 1843 1235 1879 frenare.
1263 1846 1309 1879 Et
1337 1844 1450 1880 mense
1478 1844 1606 1882 Martii
1646 1848 1712 1884 Dei
1752 1849 1842 1897 judi-

1085 1893 1141 1929 cio
1161 1896 1400 1942 Montagnana
1421 1906 1639 1933 concremata
1658 1899 1723 1948 est;
1747 1900 1840 1947 quod

1084 1944 1224 1980 audiens
1254 1945 1438 1984 Ezelinm,
1464 1946 1496 1980 &
1529 1945 1643 1983 subito
1672 1953 1840 1994 veniens,

1084 2007 1157 2029 eam
1187 1995 1392 2042 occupavit.
1421 1997 1466 2031 Et
1499 1997 1611 2033 mense
1647 2001 1743 2042 Junii
1773 2001 1840 2036 fuit

1084 2045 1256 2080 exercitus
1287 2045 1465 2081 paduanus
1487 2047 1526 2081 ad
1555 2049 1696 2084 Pom-em
1725 2051 1838 2086 Pissis

1084 2107 1161 2129 cum
1199 2096 1370 2140 Ezelino,
1398 2095 1434 2132 ἃ
1474 2096 1524 2132 die
1553 2100 1649 2133 xvi.
1686 2103 1840 2145 Septem-

1084 2145 1152 2180 bris
1190 2145 1354 2181 helinus
1390 2159 1467 2182 cum
1504 2148 1662 2184 exercitu
1699 2151 1767 2186 i.it
1798 2151 1838 2187 ad

1082 2194 1160 2239 Est,
1195 2197 1228 2230 8<
1265 2196 1455 2233 devastavit
1487 2210 1562 2233 eam
1601 2209 1734 2247 praeter
1771 2204 1840 2237 Ro-

1082 2244 1208 2294 cham3
1238 2247 1269 2281 8<
1299 2246 1461 2283 transiens
1489 2261 1548 2295 per
1574 2263 1708 2286 ramum
1739 2253 1837 2287 Ulmi

1081 2295 1271 2332 devastavit
1308 2297 1394 2333 vites
1423 2297 1460 2334 &
1489 2299 1625 2336 arbores
1662 2301 1763 2349 usque
1796 2302 1840 2338 ad

1082 2346 1260 2395 Baonem;
1283 2351 1312 2382 ὃ(
1339 2348 1522 2384 cembuffit
1551 2351 1726 2399 Burgum,
1749 2353 1838 2389 unde

1081 2395 1153 2432 itur
1179 2396 1376 2447 Cinfftumg
1405 2398 1440 2435 ἃ
1470 2399 1637 2437 destruxit
1664 2404 1808 2438 Terram
1826 2429 1836 2447 ,

1080 2446 1170 2482 unde
1206 2447 1279 2483 itur
1311 2448 1612 2498 Montagnanam‚
1638 2451 1675 2487 ἆ
1713 2452 1839 2488 rediit.

1079 2498 1127 2532 Et
1154 2506 1237 2532 tunc
1265 2498 1443 2546 inceptum
1473 2499 1541 2535 fuit
1568 2500 1725 2537 Castrum
1757 2504 1837 2537 San-

1046 2572 1050 2590 ,
1080 2546 1127 2584 &i
1179 2547 1360 2585 Thomafii
1412 2549 1454 2586 de
1507 2551 1618 2587 Padua
1638 2578 1648 2588 .
1703 2554 1749 2586 Et
1794 2554 1836 2589 de

1132 2598 1166 2631 Ο
1193 2609 1214 2633 2
1420 2607 1429 2615 ·
1670 2600 1785 2638 mense
