2237 3068
239 220 293 258 27
529 200 1456 244 SUBLACENSE.
1696 198 1748 239 28

223 258 438 298 ciariffimus
464 273 547 309 ergo
566 263 728 308 johannes
756 258 864 294 Abbas
890 258 934 294 se·
974 262 1004 295 A
1045 256 1280 292 ordinationis
1308 256 1408 296 suae,
1434 254 1555 291 divina
1587 267 1666 290 eum
1696 265 1811 301 prote-

172 311 228 348 dit
259 309 434 347 tricesimo
470 310 621 346 secundo
656 312 739 347 Ioco
773 310 814 346 in
847 309 935 358 regi·
1019 316 1147 354 ¹gente
1186 318 1258 355 grat
1252 307 1295 342 ia
1323 308 1367 343 ab
1402 306 1586 350 inimicis,
1613 305 1675 353 qui
1714 305 1812 354 saepe

170 362 269 398 mine
304 360 415 397 saneti
442 361 621 397 Coenobii
651 360 870 397 consecratus
899 360 937 396 in
1019 357 1166 397 ,moliti
1206 356 1286 392 snt
1324 371 1404 393 eum
1441 357 1623 396 occidere,
1659 355 1812 393 intravit

167 412 297 448 ordine
325 410 503 448 Abbatiae
535 424 556 447 a
582 410 784 457 supradicio
814 411 937 446 Domi·
1017 420 1020 447 t
1045 409 1230 444 sublacum
1259 421 1339 443 cum
1368 409 1481 444 multo
1518 417 1686 457 apparatu
1714 406 1812 443 mili-

170 474 219 498 κιο
249 462 453 498 Alexandro
491 464 604 510 Papa.
631 462 694 498 Iste
730 462 870 498 invenit
895 462 936 497 il·
1017 467 1143 503 stum,
1172 460 1215 495 δε.
1233 459 1359 507 magna
1395 458 1582 500 industria.
1609 471 1649 494 ac
1684 458 1811 494 multis

171 512 234 548 lud
282 521 442 554 tantum.
482 513 579 562 quod
617 522 693 549 erat
733 512 935 556 Abbatiae,
1017 486 1224 554 lexpendiis
1253 509 1372 550 coepit
1397 509 1450 546 ibi
1477 508 1679 545 aedificare.
1708 508 1810 545 Fecit

171 576 233 611 per
259 572 375 599 torum
413 563 620 604 dispersum,
647 564 686 600 &
723 577 745 600 a
770 563 935 611 potestate
1044 560 1092 596 ibi
1122 561 1265 597 Turrim
1304 559 1441 596 firmam
1479 561 1514 596 δι
1549 560 1680 596 altam.
1712 560 1812 595 Pala-

171 614 292 650 Sanffli
324 614 507 651 Benediffi
544 615 759 659 alienatum,
786 613 825 651 δε
855 615 934 649 Μο-
1043 611 1133 647 tium
1164 613 1381 660 peramplum
1417 624 1497 647 cum
1525 610 1710 646 caminatis
1741 609 1810 646 suis

170 665 356 701 ”asterium
391 666 442 702 ita
469 666 510 701 ad
547 666 697 702 nihilum
729 665 933 704 redactum,
1016 663 1019 698 ἰ
1043 660 1082 698 &
1110 662 1217 698 variis
1251 661 1448 706 aedificiis,
1475 660 1515 698 &
1553 661 1591 696 in
1619 674 1705 708 gyro
1733 674 1811 697 mu:-

171 724 211 751 ut
241 716 363 764 pauci,
391 716 452 764 qui
479 716 645 760 aderant,
673 715 846 752 Monachi
873 715 933 751 vix
971 719 1017 756 Β,
1043 712 1090 748 ris
1116 712 1348 750 circumdedit
1374 712 1522 760 amplis.
1548 711 1647 747 Fecit
1672 711 1723 748 ibi
1746 714 1811 747 Ec-

171 765 224 801 ibi
253 766 373 803 vivere
399 766 552 816 possent
579 769 757 815 Erantque
789 766 829 802 in
856 779 931 812 pau-
1042 762 1180 799 cleliam
1224 765 1380 812 pulcram
1428 763 1467 798 in
1507 762 1638 798 honore
1689 762 1809 798 Sancii

170 826 310 865 pertate
342 818 377 853 &
418 817 654 867 proprietate
690 816 934 873 Unusquisque
1042 814 1205 849 Thornae
1233 812 1421 855 Apostoli,
1447 813 1485 848 in
1513 825 1582 860 qua
1611 813 1809 848 multorum

169 869 395 903 voluntatem
431 868 547 904 cordis
582 868 633 905 sui
664 868 869 917 sequebatur
898 869 933 903 in
1041 864 1246 900 sandi-*orum
1270 864 1451 911 Reliquias
1472 863 1685 899 collocavit.
1705 864 1808 909 Quae

169 916 284 953 dando
312 919 345 953 δε
374 919 603 966 accipiendo
629 919 667 956 in
696 919 878 955 vendendo
903 923 933 952 &
1040 915 1192 951 Ecclefia
1234 915 1392 951 dedicata
1433 913 1478 949 est
1517 926 1536 949 a
1578 912 1805 950 venerabilis-

166 968 338 1004 emendo.
368 968 533 1005 habentes
569 969 695 1018 singuli
726 970 871 1006 cellulas
899 971 932 1004 8<
1041 965 1129 1001 fimo
1163 965 1184 984 *
1211 963 1469 1001 Adamaltenfis
1508 963 1680 1000 Ecclefiae
1721 964 1808 1012 Epi-

165 1020 311 1053 arcellas
347 1031 425 1054 cum
454 1019 557 1055 rebus
592 1019 767 1067 propriis,
796 1030 835 1055 ut
862 1032 934 1055 me-
1041 1016 1149 1064 scopo
1181 1029 1260 1052 cum
1299 1028 1424 1064 magna
1465 1015 1602 1063 gloria.
1645 1014 1809 1061 Denique

168 1068 237 1103 lius
267 1069 449 1105 valebant.
476 1070 676 1106 Sublaciani
713 1070 764 1105 ita
801 1069 839 1105 in
875 1083 933 1115 po-
1040 1067 1204 1115 dignatus
1231 1066 1277 1102 est
1301 1067 1528 1113 omnipotens
1568 1067 1662 1101 Deus
1689 1065 1727 1100 in
1755 1066 1809 1100 efi-

165 1117 289 1154 cestate
314 1119 488 1156 habebant
517 1119 765 1156 Monasterium
792 1121 826 1155 8<
854 1122 933 1156 Mo-
1040 1117 1117 1152 dem
1136 1116 1286 1153 Echefia
1312 1116 1480 1164 quaedam
1510 1115 1690 1159 miranda,
1719 1128 1809 1163 quae

167 1169 320 1209 melios,
340 1181 384 1206 ut
407 1170 579 1219 quidquid
607 1170 870 1220 praeciperent,
895 1170 933 1205 fi-
965 1168 1015 1215 C,
1039 1180 1111 1203 non
1139 1167 1221 1203 sunt
1241 1167 1388 1217 tegenda
1417 1166 1577 1207 filentio,
1602 1167 1644 1203 ad
1670 1165 1719 1202 sui
1747 1179 1811 1202 no-

165 1231 210 1256 ne
237 1220 411 1257 dilatione
438 1223 695 1269 compleretur.
723 1220 931 1258 Cervariam
1040 1218 1147 1254 minis
1175 1219 1320 1267 gloriam
1358 1218 1610 1254 demonstrare.
1641 1217 1809 1263 Quodam

166 1269 275 1307 frater
304 1272 452 1308 Abbatis
489 1272 681 1313 Umbreni,
708 1274 839 1309 Ezulus
871 1286 932 1308 no·
1038 1278 1196 1319 tempore
1216 1278 1386 1306 venerunt
1410 1270 1448 1305 in
1469 1270 1609 1305 Italiam
1634 1282 1677 1304 ex
1703 1271 1807 1304 Fran-

163 1320 284 1361 mine,
321 1324 488 1360 tenebat:
519 1325 692 1361 Gir-anum
730 1325 766 1360 &
802 1326 932 1359 Ezero-
1038 1324 1089 1356 cia
1129 1320 1290 1356 homines
1332 1319 1466 1361 insani,
1493 1319 1557 1368 qui
1595 1319 1802 1355 dicebantur

165 1379 244 1406 turn
272 1374 398 1408 Lando
433 1374 476 1409 de
502 1375 675 1410 Civitella
712 1375 873 1409 tenebat.
901 1375 931 1408 1-
1037 1371 1184 1415 Confulz‘,
1211 1371 1274 1418 qui
1310 1371 1583 1420 circumquaque
1622 1378 1804 1419 pergentes

167 1429 278 1467 taque
301 1432 345 1458 ut
368 1424 516 1471 prudens
540 1424 617 1468 vir,
637 1427 677 1459 in
701 1424 825 1472 primis
851 1426 931 1460 Mo·
1038 1434 1102 1469 per
1131 1420 1364 1469 Campaniam
1397 1420 1438 1458 &
1463 1421 1615 1468 reliquas
1654 1420 1803 1456 Provin-

166 1470 375 1514 nasserium
412 1483 452 1509 ut
488 1475 644 1511 novitius
680 1475 822 1522 potuit.
859 1487 930 1510 cor·
1038 1471 1108 1507 cias
1150 1471 1366 1507 calamitatis
1417 1480 1536 1507 tantae
1580 1471 1805 1507 incutiebant

163 1521 260 1558 rexit
297 1520 337 1559 &
371 1524 579 1561 ordina-vit
614 1525 756 1561 Deinde
779 1526 933 1561 Turrem*
1037 1523 1223 1558 timorem.
1258 1520 1453 1570 Contigit,
1481 1531 1520 1558 ut
1547 1530 1615 1557 tres
1651 1534 1699 1557 ex
1723 1520 1804 1568 ipsis

160 1571 208 1608 de
248 1573 449 1609 Tovanello
499 1574 765 1620 reaedificavit,
810 1575 932 1624 ibique
1038 1573 1243 1609 advenerint
1279 1573 1495 1617 Sublacum,
1531 1573 1697 1621 agitando
1734 1571 1804 1608 fine

163 1623 336 1671 colligens
365 1625 498 1661 milites
531 1626 572 1661 ad
609 1627 844 1675 recolligenda
873 1627 930 1662 bo-
966 1623 999 1656 D
1037 1623 1293 1660 intermistione
1329 1633 1456 1672 caput,
1483 1623 1604 1659 insana
1641 1622 1731 1658 facta
1769 1636 1803 1659 a-

163 1685 210 1709 na
252 1673 370 1710 83ηέἲί
413 1677 619 1721 Benediffi,
660 1677 718 1718 se,
748 1688 788 1714 ut
829 1676 929 1713 fortis
1037 1675 1176 1724 gendo.
1199 1677 1360 1721 Cumque
1387 1674 1441 1710 ibi
1468 1687 1528 1722 per
1564 1674 1643 1710 dies·
1665 1673 1804 1722 aliquot

163 1724 376 1772 praeliator,
403 1727 583 1764 accinxit.
612 1731 652 1764 In
690 1729 805 1776 primo
832 1742 929 1764 nam·
1039 1736 1281 1769 morarentur,
1310 1725 1443 1773 primus
1479 1737 1599 1760 eorum
1638 1727 1674 1759 in
1706 1737 1801 1773 prae

163 1787 237 1821 que·
272 1787 369 1811 anno
402 1778 641 1814 ordinationis
679 1778 757 1814 suae
797 1777 928 1815 Cerva-

1038 1775 1108 1812 fata
1150 1776 1195 1811 est
1237 1775 1396 1819 sanatus,
1434 1775 1592 1810 Domino
1637 1775 1805 1823 juvante,-

163 1825 254 1860 riam
282 1827 494 1876 recollegit,
517 1829 632 1865 dando
658 1829 785 1868 libras,
812 1830 928 1878 expel-
1009 1829 1013 1850 ⁸
1037 1826 1212 1862 Ecclesia.
1241 1826 1357 1862 Postea
1395 1829 1477 1862 verb
1507 1825 1637 1873 reliqui
1675 1825 1745 1861 duo
1773 1825 1802 1861 i

162 1875 237 1911 lens
266 1878 416 1913 Ezulum
455 1891 534 1914 cum
563 1879 729 1916 omnibus
767 1879 859 1915 suis.
889 1881 928 1915 In
1038 1877 1154 1913 bidem
1192 1876 1356 1922 adducii,
1383 1877 1492 1925 grati-i
1523 1876 1590 1912 Dei
1629 1874 1710 1912 sano
1747 1889 1804 1912 ca-

162 1925 313 1962 secundo
365 1941 458 1964 anno
504 1929 694 1966 Maranum
745 1930 929 1977 acquisivit
1038 1928 1111 1977 pite
1152 1928 1336 1972 exierunt,
1374 1928 1552 1963 laudantes
1594 1925 1632 1963 ἃ
1662 1926 1803 1964 benedi-

165 1989 245 2012 cum
286 1980 400 2014 Rocca
437 1979 536 2027 super
564 1980 618 2021 se,
644 1980 759 2016 dando
797 1981 928 2021 libras,
960 2009 962 2011 .
1037 1989 1152 2015 centes
1182 1979 1400 2015 Dominum.
1420 1978 1560 2025 Quibus
1589 1977 1657 2026 jam
1686 1977 1802 2014 dietus

163 2028 342 2064 exoellens
369 2029 452 2065 inde
481 2031 778 2077 consanguineum
808 2031 927 2072 suum,
1037 2032 1195 2066 Domnus
1219 2030 1339 2066 Abbas
1366 2029 1539 2073 johannes
1565 2029 1716 2077 plurima
1746 2030 1802 2064 be-

162 2082 309 2114 nornine
344 2081 557 2127 Raynerium
574 2108 583 2117 .
614 2084 677 2117 Per
713 2081 806 2118 idem
839 2091 923 2118 tem-
964 2077 989 2111 Ε
1035 2080 1161 2116 neficia
1187 2080 1333 2130 largitus
1361 2079 1434 2123 est,
1461 2080 1495 2115 &
1523 2078 1567 2115 fic
1594 2080 1637 2114 ad
1664 2079 1722 2116 sua
1750 2092 1802 2116 re-

161 2142 224 2179 pus
263 2130 358 2166 obii-t
396 2133 598 2168 Alexander
639 2136 750 2180 Papa,
777 2132 814 2169 ἃ
846 2129 926 2168 ⁴suc—
958 2131 960 2133 ’
1036 2130 1126 2167 misit
1152 2145 1210 2168 eos
1247 2144 1326 2167 cum
1354 2130 1508 2180 gaudio.
1539 2130 1627 2166 Alio
1664 2140 1800 2178 tempe.-=

161 2180 258 2217 ceffit
285 2181 326 2217 in
354 2182 554 2220 pontificali
591 2183 764 2228 dignitate
802 2183 924 2220 Hilde-
1034 2196 1070 2219 re
1096 2181 1162 2231 qui,
1196 2181 1364 2218 assistebat
1391 2181 1443 2217 ibi
1479 2181 1520 2216 ad
1548 2180 1705 2217 officium
1745 2194 1801 2228 pe·

161 2232 336 2274 brandus.
378 2234 441 2282 qui
487 2234 677 2280 Gregorius
727 2236 925 2271 nominatus
1035 2233 1251 2282 ragendum,
1291 2246 1372 2268 cum
1423 2233 1532 2268 vellet
1573 2231 1799 2280 lampadem,

161 2283 225 2319 est.
247 2285 280 2319 Is
302 2282 454 2334 diligens
475 2286 665 2331 plurimum
692 2285 923 2334 supradictum
1034 2297 1122 2331 quae
1149 2293 1230 2320 ante
1257 2285 1384 2320 Altare
1411 2292 1510 2327 erat,
1537 2293 1577 2319 ut
1605 2295 1802 2330 congruum

160 2336 354 2379 johannem
393 2337 598 2377 Abbarem-‚
626 2336 712 2373 fecit
747 2350 825 2373 eum
857 2339 922 2373 Le·
1034 2335 1092 2370 fibi
1134 2334 1275 2379 fuerat,
1315 2334 1510 2374 deducere,
1551 2333 1669 2371 subici>
1716 2343 1802 2370 tune

160 2385 273 2422 vitam
311 2385 392 2422 sacri
431 2387 587 2431 Palatii,
616 2387 674 2423 cui
713 2388 921 2424 Diaconiam
1033 2384 1125 2434 lapsa
1165 2385 1232 2422 est.
1273 2386 1434 2434 Cumque
1470 2397 1546 2421 eam
1591 2384 1628 2420 in
1669 2393 1800 2421 terram

161 2435 258 2471 dedit
293 2437 485 2473 Ecclesiam
522 2438 667 2475 Sanctae
711 2439 852 2475 Mariae
885 2439 923 2474 in
1033 2437 1152 2472 venire
1193 2437 1370 2479 crederer.
1410 2435 1527 2471 subito
1568 2434 1713 2475 mansa.
1755 2434 1799 2472 de

161 2487 356 2523 Domnica.
394 2490 425 2524 ἃ
464 2488 678 2534 honorifice,
710 2489 793 2525 dum
827 2488 921 2525 advi-
1033 2500 1101 2534 qua
1128 2487 1256 2535 deponi
1294 2486 1399 2523 solita
1435 2495 1530 2526 erat,
1557 2485 1629 2522 visa
1665 2485 1711 2522 est
1741 2485 1800 2522 dc-

158 2537 238 2579 xit,
266 2538 432 2576 tractavit
458 2553 537 2578 eum
554 2567 564 2578 .
591 2542 633 2576 In
669 2540 798 2590 quinto
830 2553 922 2578 anno
1034 2537 1204 2589 pendere,
1225 2537 1359 2577 lumine
1381 2536 1542 2575 accensa.
1563 2538 1623 2575 Ab
1647 2549 1689 2573 eo
1709 2545 1799 2573 tem·

1659 2599 1750 2638 fort
