<?xml version="1.0" encoding="UTF-8"?>
<!DOCTYPE html PUBLIC "-//W3C//DTD XHTML 1.0 Transitional//EN"
    "http://www.w3.org/TR/xhtml1/DTD/xhtml1-transitional.dtd">
<html xmlns="http://www.w3.org/1999/xhtml" xml:lang="en" lang="en">
 <head>
  <title>
</title>
<meta http-equiv="Content-Type" content="text/html;charset=utf-8" />
  <meta name='ocr-system' content='tesseract 3.04.00' />
  <meta name='ocr-capabilities' content='ocr_page ocr_carea ocr_par ocr_line ocrx_word'/>
</head>
<body>
  <div class='ocr_page' id='page_1' title='image "antiquitatesital12mura_0156.png"; bbox 0 0 2237 3068; ppageno 0'>
   <div class='ocr_carea' id='block_1_1' title="bbox 469 266 546 306">
    <p class='ocr_par' dir='ltr' id='par_1_1' title="bbox 469 266 546 306">
     <span class='ocr_line' id='line_1_1' title="bbox 469 266 546 306; baseline -0.039 -15"><span class='ocrx_word' id='word_1_1' title='bbox 469 266 546 306; x_wconf 60' lang='lat'>295</span> 
     </span>
    </p>
   </div>
   <div class='ocr_carea' id='block_1_2' title="bbox 788 251 1627 310">
    <p class='ocr_par' dir='ltr' id='par_1_2' title="bbox 788 251 1627 310">
     <span class='ocr_line' id='line_1_2' title="bbox 788 251 1627 310; baseline 0.004 -18"><span class='ocrx_word' id='word_1_2' title='bbox 788 251 1166 310; x_wconf 54' lang='lat' dir='ltr'>ANTJQWT.</span> <span class='ocrx_word' id='word_1_3' title='bbox 1207 254 1422 293; x_wconf 85' lang='lat' dir='ltr'><em>MEDII</em></span> <span class='ocrx_word' id='word_1_4' title='bbox 1461 255 1627 295; x_wconf 85' lang='lat' dir='ltr'><em>AEVI</em></span> 
     </span>
    </p>
   </div>
   <div class='ocr_carea' id='block_1_3' title="bbox 1892 263 1976 309">
    <p class='ocr_par' dir='ltr' id='par_1_3' title="bbox 1892 263 1976 309">
     <span class='ocr_line' id='line_1_3' title="bbox 1892 263 1976 309; baseline 0.024 -11"><span class='ocrx_word' id='word_1_5' title='bbox 1892 263 1976 309; x_wconf 79' lang='lat'>296</span> 
     </span>
    </p>
   </div>
   <div class='ocr_carea' id='block_1_4' title="bbox 405 310 2029 360">
    <p class='ocr_par' dir='ltr' id='par_1_4' title="bbox 405 310 2029 360">
     <span class='ocr_line' id='line_1_4' title="bbox 405 310 2029 360; baseline 0.007 -21"><span class='ocrx_word' id='word_1_6' title='bbox 405 311 615 344; x_wconf 57' lang='lat' dir='ltr'>Geirainz&#39;ani.</span> <span class='ocrx_word' id='word_1_7' title='bbox 654 310 761 344; x_wconf 79' lang='lat' dir='ltr'>Anno</span> <span class='ocrx_word' id='word_1_8' title='bbox 789 321 928 355; x_wconf 80' lang='lat' dir='ltr'>quoque</span> <span class='ocrx_word' id='word_1_9' title='bbox 954 310 1163 345; x_wconf 49' lang='lat' dir='ltr'>MQGCVI.</span> <span class='ocrx_word' id='word_1_10' title='bbox 1201 311 1233 345; x_wconf 83' lang='lat' dir='ltr'>A</span> <span class='ocrx_word' id='word_1_11' title='bbox 1272 310 1409 350; x_wconf 86' lang='lat' dir='ltr'>deerat,</span> <span class='ocrx_word' id='word_1_12' title='bbox 1424 311 1517 358; x_wconf 81' lang='lat' dir='ltr'>quod</span> <span class='ocrx_word' id='word_1_13' title='bbox 1543 324 1582 347; x_wconf 92' lang='lat' dir='ltr'>ea</span> <span class='ocrx_word' id='word_1_14' title='bbox 1610 312 1808 360; x_wconf 78' lang='lat' dir='ltr'>tempestate</span> <span class='ocrx_word' id='word_1_15' title='bbox 1836 314 1946 350; x_wconf 85' lang='lat' dir='ltr'>veluti</span> <span class='ocrx_word' id='word_1_16' title='bbox 1974 328 2029 351; x_wconf 90' lang='lat' dir='ltr'>or-</span> 
     </span>
    </p>
   </div>
   <div class='ocr_carea' id='block_1_5' title="bbox 390 357 1225 1668">
    <p class='ocr_par' dir='ltr' id='par_1_5' title="bbox 390 357 1225 1668">
     <span class='ocr_line' id='line_1_5' title="bbox 406 357 1163 406; baseline 0.003 -14"><span class='ocrx_word' id='word_1_17' title='bbox 406 357 581 395; x_wconf 80' lang='lat' dir='ltr'>decretum</span> <span class='ocrx_word' id='word_1_18' title='bbox 611 359 744 398; x_wconf 81' lang='lat' dir='ltr'>fuerat,</span> <span class='ocrx_word' id='word_1_19' title='bbox 766 362 864 403; x_wconf 68' lang='lat' dir='ltr'>‚Quod</span> <span class='ocrx_word' id='word_1_20' title='bbox 891 360 925 393; x_wconf 85' lang='lat' dir='ltr'>in</span> <span class='ocrx_word' id='word_1_21' title='bbox 952 361 1041 406; x_wconf 70' lang='lat' dir='ltr'>Festo</span> <span class='ocrx_word' id='word_1_22' title='bbox 1058 362 1163 394; x_wconf 69' lang='lat' dir='ltr'>SanHi</span> 
     </span>
     <span class='ocr_line' id='line_1_6' title="bbox 403 411 1163 454; baseline 0.003 -11"><span class='ocrx_word' id='word_1_23' title='bbox 403 411 591 444; x_wconf 78' lang='lat' dir='ltr'><em>Geminiani</em></span> <span class='ocrx_word' id='word_1_24' title='bbox 616 411 773 453; x_wconf 62' lang='lat' dir='ltr'>quodlibet</span> <span class='ocrx_word' id='word_1_25' title='bbox 799 414 906 454; x_wconf 76' lang='lat' dir='ltr'>Caput</span> <span class='ocrx_word' id='word_1_26' title='bbox 931 413 1049 444; x_wconf 86' lang='lat' dir='ltr'>Domus</span> <span class='ocrx_word' id='word_1_27' title='bbox 1067 412 1163 445; x_wconf 79' lang='lat' dir='ltr'>Civi-</span> 
     </span>
     <span class='ocr_line' id='line_1_7' title="bbox 404 457 1163 504; baseline 0.001 -11"><span class='ocrx_word' id='word_1_28' title='bbox 404 461 488 493; x_wconf 64' lang='lat' dir='ltr'>tatis</span> <span class='ocrx_word' id='word_1_29' title='bbox 507 461 662 494; x_wconf 72' lang='lat' dir='ltr'>Mutinae</span> <span class='ocrx_word' id='word_1_30' title='bbox 682 457 717 492; x_wconf 57' lang='grc' dir='ltr'><strong>ἅ</strong></span> <span class='ocrx_word' id='word_1_31' title='bbox 739 464 916 504; x_wconf 78' lang='lat' dir='ltr'>Burgorum</span> <span class='ocrx_word' id='word_1_32' title='bbox 937 470 1089 496; x_wconf 78' lang='lat' dir='ltr'>teneatur</span> <span class='ocrx_word' id='word_1_33' title='bbox 1109 473 1163 496; x_wconf 79' lang='lat' dir='ltr'>ve-</span> 
     </span>
     <span class='ocr_line' id='line_1_8' title="bbox 403 511 1162 555; baseline 0.007 -14"><span class='ocrx_word' id='word_1_34' title='bbox 403 511 475 543; x_wconf 68' lang='lat' dir='ltr'>nire</span> <span class='ocrx_word' id='word_1_35' title='bbox 502 512 546 543; x_wconf 76' lang='lat' dir='ltr'>ml</span> <span class='ocrx_word' id='word_1_36' title='bbox 569 511 761 555; x_wconf 58' lang='lat' dir='ltr'>offerendum</span> <span class='ocrx_word' id='word_1_37' title='bbox 788 515 1027 545; x_wconf 80' lang='lat' dir='ltr'>unumCeremn</span> <span class='ocrx_word' id='word_1_38' title='bbox 1045 515 1089 546; x_wconf 81' lang='lat' dir='ltr'>ad</span> <span class='ocrx_word' id='word_1_39' title='bbox 1113 513 1162 547; x_wconf 83' lang='lat' dir='ltr'>di-</span> 
     </span>
     <span class='ocr_line' id='line_1_9' title="bbox 401 558 1161 607; baseline 0.005 -15"><span class='ocrx_word' id='word_1_40' title='bbox 401 561 478 593; x_wconf 63' lang='lat' dir='ltr'>c‘t&#39;ems</span> <span class='ocrx_word' id='word_1_41' title='bbox 499 561 624 605; x_wconf 70' lang='lat' dir='ltr'>Festum</span> <span class='ocrx_word' id='word_1_42' title='bbox 638 586 648 604; x_wconf 90' lang='lat'>,</span> <span class='ocrx_word' id='word_1_43' title='bbox 680 558 719 594; x_wconf 77' lang='lat' dir='ltr'>uh</span> <span class='ocrx_word' id='word_1_44' title='bbox 734 560 955 607; x_wconf 63' lang='lat' dir='ltr'>Vexillofizae</span> <span class='ocrx_word' id='word_1_45' title='bbox 970 563 1161 597; x_wconf 74' lang='lat' dir='ltr'>Societatis.</span> 
     </span>
     <span class='ocr_line' id='line_1_10' title="bbox 401 609 1162 659; baseline 0.001 -13"><span class='ocrx_word' id='word_1_46' title='bbox 401 609 590 646; x_wconf 87' lang='lat' dir='ltr'>Nundinae</span> <span class='ocrx_word' id='word_1_47' title='bbox 633 623 771 659; x_wconf 86' lang='lat' dir='ltr'>quoque</span> <span class='ocrx_word' id='word_1_48' title='bbox 811 610 848 647; x_wconf 90' lang='lat' dir='ltr'>in</span> <span class='ocrx_word' id='word_1_49' title='bbox 876 610 1036 647; x_wconf 69' lang='lat' dir='ltr'>Civitate</span> <span class='ocrx_word' id='word_1_50' title='bbox 1063 611 1162 648; x_wconf 83' lang='lat' dir='ltr'>habe-</span> 
     </span>
     <span class='ocr_line' id='line_1_11' title="bbox 399 660 1164 710; baseline 0.004 -15"><span class='ocrx_word' id='word_1_51' title='bbox 399 661 526 696; x_wconf 83' lang='lat' dir='ltr'>bantur</span> <span class='ocrx_word' id='word_1_52' title='bbox 546 669 615 697; x_wconf 86' lang='lat' dir='ltr'>tres</span> <span class='ocrx_word' id='word_1_53' title='bbox 642 661 714 697; x_wconf 84' lang='lat' dir='ltr'>dies</span> <span class='ocrx_word' id='word_1_54' title='bbox 739 670 840 705; x_wconf 87' lang='lat' dir='ltr'>ante,</span> <span class='ocrx_word' id='word_1_55' title='bbox 855 660 892 697; x_wconf 86' lang='lat'>&amp;</span> <span class='ocrx_word' id='word_1_56' title='bbox 920 661 1071 698; x_wconf 84' lang='lat' dir='ltr'>totidem</span> <span class='ocrx_word' id='word_1_57' title='bbox 1093 662 1164 710; x_wconf 78' lang='lat' dir='ltr'>post</span> 
     </span>
     <span class='ocr_line' id='line_1_12' title="bbox 400 710 1162 749; baseline 0.003 -3"><span class='ocrx_word' id='word_1_58' title='bbox 400 710 535 746; x_wconf 76' lang='lat' dir='ltr'>Festum</span> <span class='ocrx_word' id='word_1_59' title='bbox 558 738 566 746; x_wconf 96' lang='lat'>.</span> <span class='ocrx_word' id='word_1_60' title='bbox 610 713 664 747; x_wconf 87' lang='lat' dir='ltr'>Ita</span> <span class='ocrx_word' id='word_1_61' title='bbox 693 711 922 748; x_wconf 82' lang='lat' dir='ltr'>Ferrarienses</span> <span class='ocrx_word' id='word_1_62' title='bbox 949 711 988 748; x_wconf 89' lang='lat' dir='ltr'>in</span> <span class='ocrx_word' id='word_1_63' title='bbox 1016 713 1162 749; x_wconf 82' lang='lat' dir='ltr'>Statutis</span> 
     </span>
     <span class='ocr_line' id='line_1_13' title="bbox 399 760 1225 799; baseline 0.005 -4"><span class='ocrx_word' id='word_1_64' title='bbox 399 762 513 796; x_wconf 81' lang='lat' dir='ltr'>MSris</span> <span class='ocrx_word' id='word_1_65' title='bbox 544 764 650 798; x_wconf 84' lang='lat' dir='ltr'>Anno</span> <span class='ocrx_word' id='word_1_66' title='bbox 692 763 973 799; x_wconf 79' lang='lat' dir='ltr'>MCGLXVHI.</span> <span class='ocrx_word' id='word_1_67' title='bbox 1001 763 1154 799; x_wconf 85' lang='lat' dir='ltr'>exaratis</span> <span class='ocrx_word' id='word_1_68' title='bbox 1196 760 1225 794; x_wconf 74' lang='grc' dir='ltr'><strong>Β</strong></span> 
     </span>
     <span class='ocr_line' id='line_1_14' title="bbox 398 811 1160 849; baseline 0.004 -3"><span class='ocrx_word' id='word_1_69' title='bbox 398 812 482 847; x_wconf 88' lang='lat' dir='ltr'>haec</span> <span class='ocrx_word' id='word_1_70' title='bbox 509 811 716 848; x_wconf 80' lang='lat' dir='ltr'>slatuerunt:</span> <span class='ocrx_word' id='word_1_71' title='bbox 748 815 857 847; x_wconf 78' lang='lat' dir='ltr'>Omnis</span> <span class='ocrx_word' id='word_1_72' title='bbox 887 818 970 847; x_wconf 83' lang='lat' dir='ltr'>homo</span> <span class='ocrx_word' id='word_1_73' title='bbox 999 817 1037 849; x_wconf 85' lang='lat' dir='ltr'>de</span> <span class='ocrx_word' id='word_1_74' title='bbox 1063 816 1160 849; x_wconf 77' lang='lat' dir='ltr'>Civi-</span> 
     </span>
     <span class='ocr_line' id='line_1_15' title="bbox 399 861 1187 906; baseline 0.001 -9"><span class='ocrx_word' id='word_1_75' title='bbox 399 873 471 897; x_wconf 71' lang='lat' dir='ltr'>tate</span> <span class='ocrx_word' id='word_1_76' title='bbox 500 866 683 898; x_wconf 79' lang='lat' dir='ltr'>Ferrariae</span> <span class='ocrx_word' id='word_1_77' title='bbox 710 861 826 898; x_wconf 76' lang='lat' dir='ltr'>habens</span> <span class='ocrx_word' id='word_1_78' title='bbox 853 866 888 898; x_wconf 85' lang='lat' dir='ltr'>in</span> <span class='ocrx_word' id='word_1_79' title='bbox 918 866 1065 899; x_wconf 73' lang='lat' dir='ltr'>valentia</span> <span class='ocrx_word' id='word_1_80' title='bbox 1090 877 1161 898; x_wconf 77' lang='lat' dir='ltr'>cen-</span> <span class='ocrx_word' id='word_1_81' title='bbox 1185 904 1187 906; x_wconf 26' lang='grc' dir='ltr'>Ι</span> 
     </span>
     <span class='ocr_line' id='line_1_16' title="bbox 400 912 1161 959; baseline 0.004 -13"><span class='ocrx_word' id='word_1_82' title='bbox 400 923 468 947; x_wconf 65' lang='lat' dir='ltr'>tum</span> <span class='ocrx_word' id='word_1_83' title='bbox 497 912 618 948; x_wconf 77' lang='lat' dir='ltr'>Libras</span> <span class='ocrx_word' id='word_1_84' title='bbox 645 915 890 959; x_wconf 67' lang='lat' dir='ltr'>Istlperialium,</span> <span class='ocrx_word' id='word_1_85' title='bbox 917 914 962 952; x_wconf 65' lang='grc' dir='ltr'>(θ’</span> <span class='ocrx_word' id='word_1_86' title='bbox 991 929 1011 949; x_wconf 71' lang='lat' dir='ltr'><em>a</em></span> <span class='ocrx_word' id='word_1_87' title='bbox 1038 925 1161 949; x_wconf 77' lang='lat' dir='ltr'>centum</span> 
     </span>
     <span class='ocr_line' id='line_1_17' title="bbox 390 962 1161 1012; baseline 0.001 -14"><span class='ocrx_word' id='word_1_88' title='bbox 390 962 493 1012; x_wconf 51' lang='lat' dir='ltr'>figora</span> <span class='ocrx_word' id='word_1_89' title='bbox 509 991 519 1008; x_wconf 93' lang='lat'>,</span> <span class='ocrx_word' id='word_1_90' title='bbox 535 975 687 999; x_wconf 83' lang='lat' dir='ltr'>teneatur</span> <span class='ocrx_word' id='word_1_91' title='bbox 715 975 886 1009; x_wconf 81' lang='lat' dir='ltr'>apportare</span> <span class='ocrx_word' id='word_1_92' title='bbox 912 969 966 999; x_wconf 69' lang='lat' dir='ltr'>vel</span> <span class='ocrx_word' id='word_1_93' title='bbox 992 967 1161 1010; x_wconf 79' lang='lat' dir='ltr'>apportari</span> 
     </span>
     <span class='ocr_line' id='line_1_18' title="bbox 390 1015 1159 1062; baseline 0.001 -13"><span class='ocrx_word' id='word_1_94' title='bbox 390 1015 507 1062; x_wconf 77' lang='lat' dir='ltr'>facere</span> <span class='ocrx_word' id='word_1_95' title='bbox 534 1017 569 1050; x_wconf 85' lang='lat' dir='ltr'>in</span> <span class='ocrx_word' id='word_1_96' title='bbox 596 1016 722 1060; x_wconf 78' lang='lat' dir='ltr'>Vigizia</span> <span class='ocrx_word' id='word_1_97' title='bbox 751 1018 848 1051; x_wconf 77' lang='lat' dir='ltr'>Beati</span> <span class='ocrx_word' id='word_1_98' title='bbox 875 1017 1012 1059; x_wconf 74' lang='lat' dir='ltr'>Georgii</span> <span class='ocrx_word' id='word_1_99' title='bbox 1040 1019 1086 1051; x_wconf 78' lang='lat' dir='ltr'>ad</span> <span class='ocrx_word' id='word_1_100' title='bbox 1109 1021 1159 1050; x_wconf 77' lang='lat' dir='ltr'>ho-</span> 
     </span>
     <span class='ocr_line' id='line_1_19' title="bbox 400 1065 1161 1110; baseline 0.003 -11"><span class='ocrx_word' id='word_1_101' title='bbox 400 1078 506 1100; x_wconf 70' lang='lat' dir='ltr'>norem</span> <span class='ocrx_word' id='word_1_102' title='bbox 543 1067 608 1100; x_wconf 86' lang='lat' dir='ltr'>Dei</span> <span class='ocrx_word' id='word_1_103' title='bbox 655 1065 691 1099; x_wconf 65' lang='grc' dir='ltr'>(θ’</span> <span class='ocrx_word' id='word_1_104' title='bbox 733 1070 855 1100; x_wconf 79' lang='lat' dir='ltr'>Beatae</span> <span class='ocrx_word' id='word_1_105' title='bbox 892 1066 1043 1110; x_wconf 81' lang='lat' dir='ltr'><em>Virginis</em></span> <span class='ocrx_word' id='word_1_106' title='bbox 1083 1071 1161 1101; x_wconf 86' lang='lat' dir='ltr'>Ma-</span> 
     </span>
     <span class='ocr_line' id='line_1_20' title="bbox 402 1115 1160 1161; baseline 0.001 -11"><span class='ocrx_word' id='word_1_107' title='bbox 402 1117 497 1160; x_wconf 76' lang='lat' dir='ltr'>riae,</span> <span class='ocrx_word' id='word_1_108' title='bbox 513 1115 549 1150; x_wconf 61' lang='lat' dir='ltr'>(J</span> <span class='ocrx_word' id='word_1_109' title='bbox 577 1117 668 1160; x_wconf 83' lang='lat' dir='ltr'>ipsius</span> <span class='ocrx_word' id='word_1_110' title='bbox 695 1117 888 1161; x_wconf 80' lang='lat' dir='ltr'>Martyris,</span> <span class='ocrx_word' id='word_1_111' title='bbox 904 1129 999 1151; x_wconf 80' lang='lat' dir='ltr'>unum</span> <span class='ocrx_word' id='word_1_112' title='bbox 1025 1122 1160 1152; x_wconf 81' lang='lat' dir='ltr'>Cereum</span> 
     </span>
     <span class='ocr_line' id='line_1_21' title="bbox 401 1168 1160 1203; baseline 0.001 -2"><span class='ocrx_word' id='word_1_113' title='bbox 401 1171 447 1202; x_wconf 82' lang='lat' dir='ltr'>ad</span> <span class='ocrx_word' id='word_1_114' title='bbox 472 1168 679 1201; x_wconf 80' lang='lat' dir='ltr'>Matutinum</span> <span class='ocrx_word' id='word_1_115' title='bbox 702 1192 711 1202; x_wconf 88' lang='lat'><strong><em>.</em></strong></span> <span class='ocrx_word' id='word_1_116' title='bbox 749 1169 796 1202; x_wconf 82' lang='lat' dir='ltr'>Et</span> <span class='ocrx_word' id='word_1_117' title='bbox 821 1180 924 1203; x_wconf 81' lang='lat' dir='ltr'>omnes</span> <span class='ocrx_word' id='word_1_118' title='bbox 949 1169 1077 1203; x_wconf 76' lang='lat' dir='ltr'><em>ordines</em></span> <span class='ocrx_word' id='word_1_119' title='bbox 1103 1170 1160 1202; x_wconf 84' lang='lat' dir='ltr'>Ci-</span> 
     </span>
     <span class='ocr_line' id='line_1_22' title="bbox 400 1217 1159 1266; baseline 0 -13"><span class='ocrx_word' id='word_1_120' title='bbox 400 1219 526 1253; x_wconf 74' lang='lat' dir='ltr'>vitatis</span> <span class='ocrx_word' id='word_1_121' title='bbox 552 1221 584 1252; x_wconf 88' lang='lat' dir='ltr'><em>F</em></span> <span class='ocrx_word' id='word_1_122' title='bbox 587 1219 737 1252; x_wconf 79' lang='lat' dir='ltr'>errariae</span> <span class='ocrx_word' id='word_1_123' title='bbox 753 1241 764 1258; x_wconf 90' lang='lat'>‚</span> <span class='ocrx_word' id='word_1_124' title='bbox 784 1219 905 1266; x_wconf 77' lang='lat' dir='ltr'>fingulz‘</span> <span class='ocrx_word' id='word_1_125' title='bbox 927 1229 986 1263; x_wconf 88' lang='lat' dir='ltr'>per</span> <span class='ocrx_word' id='word_1_126' title='bbox 1013 1217 1052 1264; x_wconf 85' lang='lat' dir='ltr'>se</span> <span class='ocrx_word' id='word_1_127' title='bbox 1071 1244 1082 1263; x_wconf 85' lang='lat'>,</span> <span class='ocrx_word' id='word_1_128' title='bbox 1112 1229 1159 1253; x_wconf 79' lang='lat' dir='ltr'>te-</span> 
     </span>
     <span class='ocr_line' id='line_1_23' title="bbox 401 1267 1160 1314; baseline 0.001 -12"><span class='ocrx_word' id='word_1_129' title='bbox 401 1278 542 1302; x_wconf 65' lang='lat' dir='ltr'>veantur</span> <span class='ocrx_word' id='word_1_130' title='bbox 571 1269 730 1308; x_wconf 75' lang='lat' dir='ltr'>similiter</span> <span class='ocrx_word' id='word_1_131' title='bbox 771 1271 808 1303; x_wconf 83' lang='lat' dir='ltr'>de</span> <span class='ocrx_word' id='word_1_132' title='bbox 833 1270 1068 1303; x_wconf 78' lang='lat' dir='ltr'>Communitate</span> <span class='ocrx_word' id='word_1_133' title='bbox 1102 1267 1160 1314; x_wconf 73' lang='lat' dir='ltr'>fita</span> 
     </span>
     <span class='ocr_line' id='line_1_24' title="bbox 401 1319 1160 1364; baseline 0 -11"><span class='ocrx_word' id='word_1_134' title='bbox 401 1321 537 1353; x_wconf 76' lang='lat' dir='ltr'>mittere</span> <span class='ocrx_word' id='word_1_135' title='bbox 576 1321 622 1352; x_wconf 78' lang='lat' dir='ltr'>ad</span> <span class='ocrx_word' id='word_1_136' title='bbox 646 1319 811 1364; x_wconf 79' lang='lat' dir='ltr'><em>Ecclesiam</em></span> <span class='ocrx_word' id='word_1_137' title='bbox 844 1321 1039 1362; x_wconf 64' lang='lat' dir='ltr'>praediliam</span> <span class='ocrx_word' id='word_1_138' title='bbox 1066 1332 1160 1353; x_wconf 80' lang='lat' dir='ltr'>unum</span> 
     </span>
     <span class='ocr_line' id='line_1_25' title="bbox 401 1367 1161 1405; baseline 0 -2"><span class='ocrx_word' id='word_1_139' title='bbox 401 1373 538 1403; x_wconf 78' lang='lat' dir='ltr'>Cereum</span> <span class='ocrx_word' id='word_1_140' title='bbox 564 1371 603 1402; x_wconf 85' lang='lat' dir='ltr'>de</span> <span class='ocrx_word' id='word_1_141' title='bbox 628 1371 749 1402; x_wconf 74' lang='lat' dir='ltr'><em>duabus</em></span> <span class='ocrx_word' id='word_1_142' title='bbox 775 1367 870 1403; x_wconf 82' lang='lat' dir='ltr'>libris</span> <span class='ocrx_word' id='word_1_143' title='bbox 887 1381 1000 1405; x_wconf 84' lang='lat' dir='ltr'>cerae.</span> <span class='ocrx_word' id='word_1_144' title='bbox 1025 1370 1079 1403; x_wconf 79' lang='lat' dir='ltr'>Ex</span> <span class='ocrx_word' id='word_1_145' title='bbox 1107 1369 1161 1404; x_wconf 83' lang='lat' dir='ltr'>hi-</span> 
     </span>
     <span class='ocr_line' id='line_1_26' title="bbox 399 1417 1160 1467; baseline 0 -13"><span class='ocrx_word' id='word_1_146' title='bbox 399 1417 455 1454; x_wconf 80' lang='lat' dir='ltr'>sce</span> <span class='ocrx_word' id='word_1_147' title='bbox 481 1417 718 1454; x_wconf 81' lang='lat' dir='ltr'>oblationibus</span> <span class='ocrx_word' id='word_1_148' title='bbox 736 1444 747 1462; x_wconf 94' lang='lat'>‚</span> <span class='ocrx_word' id='word_1_149' title='bbox 774 1426 944 1465; x_wconf 84' lang='lat' dir='ltr'>quantum</span> <span class='ocrx_word' id='word_1_150' title='bbox 978 1417 1160 1467; x_wconf 83' lang='lat' dir='ltr'>proficeret</span> 
     </span>
     <span class='ocr_line' id='line_1_27' title="bbox 400 1468 984 1518; baseline 0 -13"><span class='ocrx_word' id='word_1_151' title='bbox 400 1468 552 1505; x_wconf 77' lang='lat' dir='ltr'>Ecclefia</span> <span class='ocrx_word' id='word_1_152' title='bbox 566 1497 576 1514; x_wconf 90' lang='lat'>,</span> <span class='ocrx_word' id='word_1_153' title='bbox 604 1481 724 1505; x_wconf 88' lang='lat' dir='ltr'>omnes</span> <span class='ocrx_word' id='word_1_154' title='bbox 752 1468 960 1518; x_wconf 86' lang='lat' dir='ltr'>intelligunt</span> <span class='ocrx_word' id='word_1_155' title='bbox 974 1495 984 1505; x_wconf 92' lang='lat'>.</span> 
     </span>
     <span class='ocr_line' id='line_1_28' title="bbox 453 1518 1159 1567; baseline 0.001 -13"><span class='ocrx_word' id='word_1_156' title='bbox 453 1519 634 1567; x_wconf 84' lang='lat' dir='ltr'>Explicari</span> <span class='ocrx_word' id='word_1_157' title='bbox 662 1528 778 1555; x_wconf 85' lang='lat' dir='ltr'>autem</span> <span class='ocrx_word' id='word_1_158' title='bbox 807 1531 877 1554; x_wconf 85' lang='lat' dir='ltr'>non</span> <span class='ocrx_word' id='word_1_159' title='bbox 905 1518 1034 1567; x_wconf 81' lang='lat' dir='ltr'>potest,</span> <span class='ocrx_word' id='word_1_160' title='bbox 1052 1532 1159 1565; x_wconf 82' lang='lat' dir='ltr'>quan-</span> 
     </span>
     <span class='ocr_line' id='line_1_29' title="bbox 401 1567 1157 1617; baseline -0.003 -11"><span class='ocrx_word' id='word_1_161' title='bbox 401 1570 438 1606; x_wconf 60' lang='lat' dir='ltr'>ta</span> <span class='ocrx_word' id='word_1_162' title='bbox 466 1567 749 1617; x_wconf 65' lang='lat' dir='ltr'>magnificentia,</span> <span class='ocrx_word' id='word_1_163' title='bbox 769 1569 968 1616; x_wconf 58' lang='lat' dir='ltr'>quantaque</span> <span class='ocrx_word' id='word_1_164' title='bbox 994 1569 1157 1617; x_wconf 81' lang='lat' dir='ltr'>religiofi-</span> 
     </span>
     <span class='ocr_line' id='line_1_30' title="bbox 401 1618 1158 1668; baseline -0.001 -13"><span class='ocrx_word' id='word_1_165' title='bbox 401 1627 475 1655; x_wconf 88' lang='lat' dir='ltr'>tate</span> <span class='ocrx_word' id='word_1_166' title='bbox 503 1627 745 1668; x_wconf 79' lang='lat' dir='ltr'>peragerentur</span> <span class='ocrx_word' id='word_1_167' title='bbox 775 1618 862 1654; x_wconf 89' lang='lat' dir='ltr'>olim</span> <span class='ocrx_word' id='word_1_168' title='bbox 892 1619 1158 1655; x_wconf 83' lang='lat' dir='ltr'>Translationes</span> 
     </span>
    </p>
   </div>
   <div class='ocr_carea' id='block_1_6' title="bbox 399 1704 1186 2121">
    <p class='ocr_par' dir='ltr' id='par_1_6' title="bbox 399 1704 1186 2121">
     <span class='ocr_line' id='line_1_31' title="bbox 401 1704 1186 1775; baseline -0.001 -18"><span class='ocrx_word' id='word_1_169' title='bbox 401 1720 566 1757; x_wconf 51' lang='lat' dir='ltr'>timavum</span> <span class='ocrx_word' id='word_1_170' title='bbox 597 1720 746 1755; x_wconf 62' lang='lat' dir='ltr'>urbium</span> <span class='ocrx_word' id='word_1_171' title='bbox 778 1720 904 1768; x_wconf 68' lang='lat' dir='ltr'>Popuu</span> <span class='ocrx_word' id='word_1_172' title='bbox 936 1723 965 1754; x_wconf 67' lang='grc' dir='ltr'>ει</span> <span class='ocrx_word' id='word_1_173' title='bbox 993 1704 1186 1775; x_wconf 76' lang='lat' dir='ltr'>Episcopi}</span> 
     </span>
     <span class='ocr_line' id='line_1_32' title="bbox 401 1769 1186 1826; baseline -0.001 -19"><span class='ocrx_word' id='word_1_174' title='bbox 401 1769 593 1807; x_wconf 76' lang='lat' dir='ltr'>effufiffime</span> <span class='ocrx_word' id='word_1_175' title='bbox 631 1773 665 1804; x_wconf 85' lang='lat' dir='ltr'>in</span> <span class='ocrx_word' id='word_1_176' title='bbox 702 1783 809 1806; x_wconf 83' lang='lat' dir='ltr'>unum</span> <span class='ocrx_word' id='word_1_177' title='bbox 856 1771 970 1806; x_wconf 89' lang='lat' dir='ltr'>locum</span> <span class='ocrx_word' id='word_1_178' title='bbox 1007 1769 1186 1826; x_wconf 65' lang='lat' dir='ltr'>conflue-1</span> 
     </span>
     <span class='ocr_line' id='line_1_33' title="bbox 404 1819 1157 1864; baseline -0.001 -7"><span class='ocrx_word' id='word_1_179' title='bbox 404 1822 513 1864; x_wconf 84' lang='lat' dir='ltr'>bant,</span> <span class='ocrx_word' id='word_1_180' title='bbox 541 1819 754 1856; x_wconf 82' lang='lat' dir='ltr'>certantibus</span> <span class='ocrx_word' id='word_1_181' title='bbox 791 1820 926 1857; x_wconf 63' lang='lat' dir='ltr'>cunfflis</span> <span class='ocrx_word' id='word_1_182' title='bbox 954 1820 1157 1856; x_wconf 64' lang='lat' dir='ltr'>Sanflorum</span> 
     </span>
     <span class='ocr_line' id='line_1_34' title="bbox 401 1871 1156 1920; baseline 0 -13"><span class='ocrx_word' id='word_1_183' title='bbox 401 1871 567 1920; x_wconf 79' lang='lat' dir='ltr'>pretiosas</span> <span class='ocrx_word' id='word_1_184' title='bbox 595 1871 737 1907; x_wconf 85' lang='lat' dir='ltr'>exuvias</span> <span class='ocrx_word' id='word_1_185' title='bbox 774 1884 939 1914; x_wconf 85' lang='lat' dir='ltr'>cernere,</span> <span class='ocrx_word' id='word_1_186' title='bbox 976 1874 1156 1917; x_wconf 83' lang='lat' dir='ltr'>venerari:</span> 
     </span>
     <span class='ocr_line' id='line_1_35' title="bbox 400 1921 1159 1970; baseline 0.003 -14"><span class='ocrx_word' id='word_1_187' title='bbox 400 1934 549 1969; x_wconf 84' lang='lat' dir='ltr'>quorum</span> <span class='ocrx_word' id='word_1_188' title='bbox 578 1921 744 1958; x_wconf 85' lang='lat' dir='ltr'>videlicet</span> <span class='ocrx_word' id='word_1_189' title='bbox 779 1935 845 1970; x_wconf 88' lang='lat' dir='ltr'>ope</span> <span class='ocrx_word' id='word_1_190' title='bbox 881 1921 1113 1968; x_wconf 81' lang='lat' dir='ltr'>unusquisque</span> <span class='ocrx_word' id='word_1_191' title='bbox 1140 1935 1159 1958; x_wconf 88' lang='lat' dir='ltr'>a</span> 
     </span>
     <span class='ocr_line' id='line_1_36' title="bbox 402 1972 1159 2021; baseline -0.001 -12"><span class='ocrx_word' id='word_1_192' title='bbox 402 1975 480 2009; x_wconf 84' lang='lat' dir='ltr'>Deo</span> <span class='ocrx_word' id='word_1_193' title='bbox 517 1972 651 2020; x_wconf 81' lang='lat' dir='ltr'>aliquid</span> <span class='ocrx_word' id='word_1_194' title='bbox 690 1972 721 2007; x_wconf 80' lang='lat' dir='ltr'>se</span> <span class='ocrx_word' id='word_1_195' title='bbox 757 1975 1021 2021; x_wconf 86' lang='lat' dir='ltr'>impetraturum</span> <span class='ocrx_word' id='word_1_196' title='bbox 1050 1972 1159 2020; x_wconf 84' lang='lat' dir='ltr'>spera-</span> 
     </span>
     <span class='ocr_line' id='line_1_37' title="bbox 399 2022 1159 2070; baseline 0 -13"><span class='ocrx_word' id='word_1_197' title='bbox 399 2024 480 2059; x_wconf 68' lang='lat' dir='ltr'>bat.</span> <span class='ocrx_word' id='word_1_198' title='bbox 500 2023 639 2063; x_wconf 83' lang='lat' dir='ltr'>Surius,</span> <span class='ocrx_word' id='word_1_199' title='bbox 655 2026 684 2057; x_wconf 87' lang='lat'>&amp;</span> <span class='ocrx_word' id='word_1_200' title='bbox 698 2022 928 2059; x_wconf 78' lang='lat' dir='ltr'>Bollandissae</span> <span class='ocrx_word' id='word_1_201' title='bbox 948 2036 989 2058; x_wconf 76' lang='lat' dir='ltr'>ex</span> <span class='ocrx_word' id='word_1_202' title='bbox 1011 2022 1063 2057; x_wconf 79' lang='lat' dir='ltr'>his</span> <span class='ocrx_word' id='word_1_203' title='bbox 1085 2023 1159 2070; x_wconf 86' lang='lat' dir='ltr'>plu-</span> 
     </span>
     <span class='ocr_line' id='line_1_38' title="bbox 400 2073 1159 2121; baseline 0 -12"><span class='ocrx_word' id='word_1_204' title='bbox 400 2074 490 2109; x_wconf 73' lang='lat' dir='ltr'>rima</span> <span class='ocrx_word' id='word_1_205' title='bbox 517 2075 673 2121; x_wconf 78' lang='lat' dir='ltr'>exempla</span> <span class='ocrx_word' id='word_1_206' title='bbox 709 2073 934 2109; x_wconf 72' lang='lat' dir='ltr'>ministrant.</span> <span class='ocrx_word' id='word_1_207' title='bbox 971 2075 1045 2121; x_wconf 78' lang='lat' dir='ltr'>Ego</span> <span class='ocrx_word' id='word_1_208' title='bbox 1073 2086 1159 2121; x_wconf 85' lang='lat' dir='ltr'>quo-</span> 
     </span>
    </p>
   </div>
   <div class='ocr_carea' id='block_1_7' title="bbox 401 2116 1229 2171">
    <p class='ocr_par' dir='ltr' id='par_1_7' title="bbox 401 2116 1229 2171">
     <span class='ocr_line' id='line_1_39' title="bbox 401 2116 1229 2171; baseline -0.001 -11"><span class='ocrx_word' id='word_1_209' title='bbox 401 2137 468 2170; x_wconf 88' lang='lat' dir='ltr'>que</span> <span class='ocrx_word' id='word_1_210' title='bbox 495 2122 634 2159; x_wconf 78' lang='lat' dir='ltr'>inlustre</span> <span class='ocrx_word' id='word_1_211' title='bbox 661 2124 859 2171; x_wconf 77' lang='lat' dir='ltr'>exemplum</span> <span class='ocrx_word' id='word_1_212' title='bbox 889 2124 1021 2171; x_wconf 83' lang='lat' dir='ltr'>protuli</span> <span class='ocrx_word' id='word_1_213' title='bbox 1038 2125 1157 2159; x_wconf 86' lang='lat' dir='ltr'>Tomo</span> <span class='ocrx_word' id='word_1_214' title='bbox 1200 2116 1229 2150; x_wconf 70' lang='lat' dir='ltr'>E</span> 
     </span>
    </p>
   </div>
   <div class='ocr_carea' id='block_1_8' title="bbox 398 2172 1157 2628">
    <p class='ocr_par' dir='ltr' id='par_1_8' title="bbox 398 2172 1157 2628">
     <span class='ocr_line' id='line_1_40' title="bbox 401 2172 1157 2216; baseline 0 -7"><span class='ocrx_word' id='word_1_215' title='bbox 401 2175 466 2209; x_wconf 86' lang='lat' dir='ltr'>VI.</span> <span class='ocrx_word' id='word_1_216' title='bbox 484 2175 561 2208; x_wconf 86' lang='lat' dir='ltr'>Rer.</span> <span class='ocrx_word' id='word_1_217' title='bbox 577 2173 728 2209; x_wconf 72' lang='lat' dir='ltr'>italicar.</span> <span class='ocrx_word' id='word_1_218' title='bbox 749 2173 785 2209; x_wconf 86' lang='lat' dir='ltr'>in</span> <span class='ocrx_word' id='word_1_219' title='bbox 800 2172 1051 2216; x_wconf 83' lang='lat' dir='ltr'>Translatione</span> <span class='ocrx_word' id='word_1_220' title='bbox 1071 2176 1157 2210; x_wconf 93' lang='lat' dir='ltr'>Cor-</span> 
     </span>
     <span class='ocr_line' id='line_1_41' title="bbox 400 2223 1154 2272; baseline 0.001 -13"><span class='ocrx_word' id='word_1_221' title='bbox 400 2223 495 2272; x_wconf 80' lang='lat' dir='ltr'>poris</span> <span class='ocrx_word' id='word_1_222' title='bbox 523 2223 640 2258; x_wconf 66' lang='lat' dir='ltr'>Sanf’ci</span> <span class='ocrx_word' id='word_1_223' title='bbox 667 2223 869 2259; x_wconf 81' lang='lat' dir='ltr'>Geminiani</span> <span class='ocrx_word' id='word_1_224' title='bbox 901 2223 1154 2260; x_wconf 75' lang='lat' dir='ltr'>Mutinenfium</span> 
     </span>
     <span class='ocr_line' id='line_1_42' title="bbox 399 2273 1155 2311; baseline 0 -1"><span class='ocrx_word' id='word_1_225' title='bbox 399 2273 570 2310; x_wconf 84' lang='lat' dir='ltr'>Patroni.</span> <span class='ocrx_word' id='word_1_226' title='bbox 599 2275 645 2308; x_wconf 84' lang='lat' dir='ltr'>Et</span> <span class='ocrx_word' id='word_1_227' title='bbox 672 2273 754 2309; x_wconf 88' lang='lat' dir='ltr'>haec</span> <span class='ocrx_word' id='word_1_228' title='bbox 781 2273 859 2309; x_wconf 85' lang='lat' dir='ltr'>sane</span> <span class='ocrx_word' id='word_1_229' title='bbox 886 2273 1070 2309; x_wconf 66' lang='lat' dir='ltr'>secundum</span> <span class='ocrx_word' id='word_1_230' title='bbox 1100 2288 1155 2311; x_wconf 89' lang='lat' dir='ltr'>ve-</span> 
     </span>
     <span class='ocr_line' id='line_1_43' title="bbox 398 2323 1157 2372; baseline 0 -11"><span class='ocrx_word' id='word_1_231' title='bbox 398 2337 458 2361; x_wconf 85' lang='lat' dir='ltr'>rae</span> <span class='ocrx_word' id='word_1_232' title='bbox 495 2323 634 2372; x_wconf 82' lang='lat' dir='ltr'>pietatis</span> <span class='ocrx_word' id='word_1_233' title='bbox 671 2336 828 2359; x_wconf 82' lang='lat' dir='ltr'>normam</span> <span class='ocrx_word' id='word_1_234' title='bbox 851 2350 860 2359; x_wconf 92' lang='lat'><strong><em>.</em></strong></span> <span class='ocrx_word' id='word_1_235' title='bbox 896 2323 1039 2360; x_wconf 83' lang='lat' dir='ltr'>Accedo</span> <span class='ocrx_word' id='word_1_236' title='bbox 1066 2337 1157 2361; x_wconf 84' lang='lat' dir='ltr'>nunc</span> 
     </span>
     <span class='ocr_line' id='line_1_44' title="bbox 400 2375 1157 2423; baseline 0 -13"><span class='ocrx_word' id='word_1_237' title='bbox 400 2375 442 2410; x_wconf 86' lang='lat' dir='ltr'>ad</span> <span class='ocrx_word' id='word_1_238' title='bbox 484 2375 572 2410; x_wconf 82' lang='lat' dir='ltr'>alios</span> <span class='ocrx_word' id='word_1_239' title='bbox 617 2387 734 2410; x_wconf 87' lang='lat' dir='ltr'>eorum</span> <span class='ocrx_word' id='word_1_240' title='bbox 776 2383 974 2423; x_wconf 83' lang='lat' dir='ltr'>temporum</span> <span class='ocrx_word' id='word_1_241' title='bbox 1019 2387 1157 2415; x_wconf 70' lang='lat' dir='ltr'>morea,</span> 
     </span>
     <span class='ocr_line' id='line_1_45' title="bbox 399 2423 1156 2473; baseline 0 -12"><span class='ocrx_word' id='word_1_242' title='bbox 399 2438 487 2473; x_wconf 80' lang='lat' dir='ltr'>quos</span> <span class='ocrx_word' id='word_1_243' title='bbox 515 2424 674 2460; x_wconf 87' lang='lat' dir='ltr'>excusare</span> <span class='ocrx_word' id='word_1_244' title='bbox 712 2424 848 2460; x_wconf 77' lang='lat' dir='ltr'>sortasse</span> <span class='ocrx_word' id='word_1_245' title='bbox 884 2423 1012 2473; x_wconf 69' lang='lat' dir='ltr'>poffis,</span> <span class='ocrx_word' id='word_1_246' title='bbox 1042 2426 1156 2461; x_wconf 82' lang='lat' dir='ltr'>iauda-</span> 
     </span>
     <span class='ocr_line' id='line_1_46' title="bbox 398 2475 1156 2518; baseline -0.001 -6"><span class='ocrx_word' id='word_1_247' title='bbox 398 2489 436 2512; x_wconf 82' lang='lat' dir='ltr'>re</span> <span class='ocrx_word' id='word_1_248' title='bbox 463 2475 608 2511; x_wconf 77' lang='lat' dir='ltr'>difficiie</span> <span class='ocrx_word' id='word_1_249' title='bbox 636 2475 746 2511; x_wconf 80' lang='lat' dir='ltr'>veiis.</span> <span class='ocrx_word' id='word_1_250' title='bbox 774 2477 882 2510; x_wconf 80' lang='lat' dir='ltr'>Erant</span> <span class='ocrx_word' id='word_1_251' title='bbox 911 2475 1156 2518; x_wconf 83' lang='lat' dir='ltr'>Urbes‚erant</span> 
     </span>
     <span class='ocr_line' id='line_1_47' title="bbox 399 2524 1155 2574; baseline -0.001 -12"><span class='ocrx_word' id='word_1_252' title='bbox 399 2524 609 2562; x_wconf 77' lang='lat' dir='ltr'>M.›nasteria</span> <span class='ocrx_word' id='word_1_253' title='bbox 636 2552 646 2569; x_wconf 93' lang='lat'>‚</span> <span class='ocrx_word' id='word_1_254' title='bbox 683 2525 809 2572; x_wconf 80' lang='lat' dir='ltr'>quibus</span> <span class='ocrx_word' id='word_1_255' title='bbox 849 2524 941 2561; x_wconf 83' lang='lat' dir='ltr'>nihil</span> <span class='ocrx_word' id='word_1_256' title='bbox 981 2525 1155 2574; x_wconf 80' lang='lat' dir='ltr'>obtigerat</span> 
     </span>
     <span class='ocr_line' id='line_1_48' title="bbox 399 2575 1155 2628; baseline -0.001 -15"><span class='ocrx_word' id='word_1_257' title='bbox 399 2576 644 2628; x_wconf 78' lang='lat' dir='ltr'>Reliquiarum</span> <span class='ocrx_word' id='word_1_258' title='bbox 684 2575 901 2625; x_wconf 75' lang='lat' dir='ltr'>infignium,</span> <span class='ocrx_word' id='word_1_259' title='bbox 939 2575 1025 2614; x_wconf 81' lang='lat' dir='ltr'>idest</span> <span class='ocrx_word' id='word_1_260' title='bbox 1065 2576 1155 2613; x_wconf 73' lang='lat' dir='ltr'>illud</span> 
     </span>
    </p>
   </div>
   <div class='ocr_carea' id='block_1_9' title="bbox 1237 999 1240 1091">
    <p class='ocr_par' dir='ltr' id='par_1_9' title="bbox 1237 999 1240 1091">
     <span class='ocr_line' id='line_1_49' title="bbox 1237 999 1240 1091; baseline 0 0"><span class='ocrx_word' id='word_1_261' title='bbox 1237 999 1240 1091; x_wconf 95' lang='lat' dir='ltr'> </span> 
     </span>
    </p>
   </div>
   <div class='ocr_carea' id='block_1_10' title="bbox 1236 1094 1241 1201">
    <p class='ocr_par' dir='ltr' id='par_1_10' title="bbox 1236 1094 1241 1201">
     <span class='ocr_line' id='line_1_50' title="bbox 1236 1094 1241 1201; baseline 0 1867"><span class='ocrx_word' id='word_1_262' title='bbox 1236 1094 1241 1201; x_wconf 95' lang='lat' dir='ltr'> </span> 
     </span>
    </p>
   </div>
   <div class='ocr_carea' id='block_1_11' title="bbox 1268 361 2033 1203">
    <p class='ocr_par' dir='ltr' id='par_1_11' title="bbox 1268 361 2033 1203">
     <span class='ocr_line' id='line_1_51' title="bbox 1273 361 2031 413; baseline 0.007 -17"><span class='ocrx_word' id='word_1_263' title='bbox 1273 371 1477 397; x_wconf 88' lang='lat' dir='ltr'>namentum</span> <span class='ocrx_word' id='word_1_264' title='bbox 1498 374 1537 397; x_wconf 89' lang='lat' dir='ltr'>ac</span> <span class='ocrx_word' id='word_1_265' title='bbox 1553 361 1755 409; x_wconf 68' lang='lat' dir='ltr'>praesidium</span> <span class='ocrx_word' id='word_1_266' title='bbox 1780 364 1940 400; x_wconf 79' lang='lat' dir='ltr'>omnium</span> <span class='ocrx_word' id='word_1_267' title='bbox 1958 379 2031 413; x_wconf 87' lang='lat' dir='ltr'>pre-</span> 
     </span>
     <span class='ocr_line' id='line_1_52' title="bbox 1273 411 2031 461; baseline 0.005 -14"><span class='ocrx_word' id='word_1_268' title='bbox 1273 411 1487 447; x_wconf 83' lang='lat' dir='ltr'>tiofiffimum</span> <span class='ocrx_word' id='word_1_269' title='bbox 1534 411 1753 453; x_wconf 79' lang='lat' dir='ltr'>habebatur,</span> <span class='ocrx_word' id='word_1_270' title='bbox 1788 414 2031 461; x_wconf 81' lang='lat' dir='ltr'>summamque</span> 
     </span>
     <span class='ocr_line' id='line_1_53' title="bbox 1275 461 2030 513; baseline 0.008 -17"><span class='ocrx_word' id='word_1_271' title='bbox 1275 461 1446 497; x_wconf 85' lang='lat' dir='ltr'>invidiam</span> <span class='ocrx_word' id='word_1_272' title='bbox 1483 462 1521 497; x_wconf 89' lang='lat' dir='ltr'>in</span> <span class='ocrx_word' id='word_1_273' title='bbox 1557 475 1599 497; x_wconf 88' lang='lat' dir='ltr'>eo</span> <span class='ocrx_word' id='word_1_274' title='bbox 1637 464 1833 500; x_wconf 83' lang='lat' dir='ltr'>carentibus</span> <span class='ocrx_word' id='word_1_275' title='bbox 1869 467 2030 513; x_wconf 77' lang='lat' dir='ltr'>quotidie</span> 
     </span>
     <span class='ocr_line' id='line_1_54' title="bbox 1276 512 2029 563; baseline 0.008 -16"><span class='ocrx_word' id='word_1_276' title='bbox 1276 512 1522 547; x_wconf 84' lang='lat' dir='ltr'>commovebat</span> <span class='ocrx_word' id='word_1_277' title='bbox 1556 538 1566 547; x_wconf 87' lang='lat'><strong>.</strong></span> <span class='ocrx_word' id='word_1_278' title='bbox 1610 513 1715 558; x_wconf 83' lang='lat' dir='ltr'>Quod</span> <span class='ocrx_word' id='word_1_279' title='bbox 1753 527 1834 563; x_wconf 89' lang='lat' dir='ltr'>ergo</span> <span class='ocrx_word' id='word_1_280' title='bbox 1869 517 2029 563; x_wconf 84' lang='lat' dir='ltr'>precibus</span> 
     </span>
     <span class='ocr_line' id='line_1_55' title="bbox 1274 561 2031 609; baseline 0.009 -13"><span class='ocrx_word' id='word_1_281' title='bbox 1274 561 1461 609; x_wconf 88' lang='lat' dir='ltr'>impetrare</span> <span class='ocrx_word' id='word_1_282' title='bbox 1488 574 1557 597; x_wconf 90' lang='lat' dir='ltr'>non</span> <span class='ocrx_word' id='word_1_283' title='bbox 1583 562 1740 607; x_wconf 57' lang='lat' dir='ltr'>istebat,</span> <span class='ocrx_word' id='word_1_284' title='bbox 1768 565 1874 601; x_wconf 80' lang='lat' dir='ltr'>mulri</span> <span class='ocrx_word' id='word_1_285' title='bbox 1901 566 2031 603; x_wconf 89' lang='lat' dir='ltr'>fraudi-</span> 
     </span>
     <span class='ocr_line' id='line_1_56' title="bbox 1272 611 2033 660; baseline 0.008 -13"><span class='ocrx_word' id='word_1_286' title='bbox 1272 612 1333 647; x_wconf 80' lang='lat' dir='ltr'>bus</span> <span class='ocrx_word' id='word_1_287' title='bbox 1355 636 1365 651; x_wconf 94' lang='lat'>‚</span> <span class='ocrx_word' id='word_1_288' title='bbox 1393 611 1487 648; x_wconf 82' lang='lat' dir='ltr'>furto</span> <span class='ocrx_word' id='word_1_289' title='bbox 1504 636 1514 651; x_wconf 90' lang='lat'><strong>,</strong></span> <span class='ocrx_word' id='word_1_290' title='bbox 1541 613 1818 660; x_wconf 81' lang='lat' dir='ltr'>nundinatione,</span> <span class='ocrx_word' id='word_1_291' title='bbox 1854 616 1889 652; x_wconf 89' lang='lat' dir='ltr'>vi</span> <span class='ocrx_word' id='word_1_292' title='bbox 1911 643 1922 660; x_wconf 90' lang='lat'>,</span> <span class='ocrx_word' id='word_1_293' title='bbox 1949 617 2033 653; x_wconf 83' lang='lat' dir='ltr'>alii-</span> 
     </span>
     <span class='ocr_line' id='line_1_57' title="bbox 1271 661 2029 713; baseline 0.009 -16"><span class='ocrx_word' id='word_1_294' title='bbox 1271 661 1352 710; x_wconf 88' lang='lat' dir='ltr'>sque</span> <span class='ocrx_word' id='word_1_295' title='bbox 1379 663 1511 698; x_wconf 76' lang='lat' dir='ltr'>artibus</span> <span class='ocrx_word' id='word_1_296' title='bbox 1537 662 1600 699; x_wconf 90' lang='lat' dir='ltr'>fibi</span> <span class='ocrx_word' id='word_1_297' title='bbox 1628 665 1900 713; x_wconf 78' lang='lat' dir='ltr'>conquirendum</span> <span class='ocrx_word' id='word_1_298' title='bbox 1923 667 2029 704; x_wconf 85' lang='lat' dir='ltr'>duxe-</span> 
     </span>
     <span class='ocr_line' id='line_1_58' title="bbox 1270 712 2031 762; baseline 0.009 -15"><span class='ocrx_word' id='word_1_299' title='bbox 1270 726 1306 748; x_wconf 87' lang='lat' dir='ltr'>re</span> <span class='ocrx_word' id='word_1_300' title='bbox 1327 739 1335 748; x_wconf 90' lang='lat'><strong><em>.</em></strong></span> <span class='ocrx_word' id='word_1_301' title='bbox 1365 712 1491 756; x_wconf 87' lang='lat' dir='ltr'>Pium,</span> <span class='ocrx_word' id='word_1_302' title='bbox 1523 715 1666 761; x_wconf 87' lang='lat' dir='ltr'>Deoque</span> <span class='ocrx_word' id='word_1_303' title='bbox 1703 716 1886 762; x_wconf 80' lang='lat' dir='ltr'>probatum</span> <span class='ocrx_word' id='word_1_304' title='bbox 1915 717 2031 753; x_wconf 84' lang='lat' dir='ltr'>cense-</span> 
     </span>
     <span class='ocr_line' id='line_1_59' title="bbox 1271 763 2027 812; baseline 0.005 -13"><span class='ocrx_word' id='word_1_305' title='bbox 1271 764 1355 799; x_wconf 77' lang='lat' dir='ltr'>bant</span> <span class='ocrx_word' id='word_1_306' title='bbox 1381 763 1553 812; x_wconf 85' lang='lat' dir='ltr'>quidquid</span> <span class='ocrx_word' id='word_1_307' title='bbox 1581 764 1618 799; x_wconf 89' lang='lat' dir='ltr'>in</span> <span class='ocrx_word' id='word_1_308' title='bbox 1646 764 1734 799; x_wconf 89' lang='lat' dir='ltr'>hanc</span> <span class='ocrx_word' id='word_1_309' title='bbox 1761 777 1832 800; x_wconf 88' lang='lat' dir='ltr'>rem</span> <span class='ocrx_word' id='word_1_310' title='bbox 1861 767 2027 803; x_wconf 80' lang='lat' dir='ltr'>moliren-</span> 
     </span>
     <span class='ocr_line' id='line_1_60' title="bbox 1269 812 2029 863; baseline 0.007 -15"><span class='ocrx_word' id='word_1_311' title='bbox 1269 821 1326 849; x_wconf 85' lang='lat' dir='ltr'>tur</span> <span class='ocrx_word' id='word_1_312' title='bbox 1346 840 1357 858; x_wconf 87' lang='lat'>‚</span> <span class='ocrx_word' id='word_1_313' title='bbox 1384 814 1466 849; x_wconf 83' lang='lat' dir='ltr'>dum</span> <span class='ocrx_word' id='word_1_314' title='bbox 1495 812 1547 849; x_wconf 84' lang='lat' dir='ltr'>sui</span> <span class='ocrx_word' id='word_1_315' title='bbox 1575 814 1649 850; x_wconf 85' lang='lat' dir='ltr'>voti</span> <span class='ocrx_word' id='word_1_316' title='bbox 1679 823 1858 863; x_wconf 82' lang='lat' dir='ltr'>compotes</span> <span class='ocrx_word' id='word_1_317' title='bbox 1886 815 2029 853; x_wconf 83' lang='lat' dir='ltr'>fierent.</span> 
     </span>
     <span class='ocr_line' id='line_1_61' title="bbox 1270 863 2028 911; baseline 0.005 -12"><span class='ocrx_word' id='word_1_318' title='bbox 1270 863 1430 909; x_wconf 64' lang='lat' dir='ltr'>Quinss’co</span> <span class='ocrx_word' id='word_1_319' title='bbox 1465 863 1540 911; x_wconf 87' lang='lat' dir='ltr'>ipso</span> <span class='ocrx_word' id='word_1_320' title='bbox 1577 864 1747 901; x_wconf 72' lang='lat' dir='ltr'>Ecclesiae</span> <span class='ocrx_word' id='word_1_321' title='bbox 1783 866 1908 902; x_wconf 76' lang='lat' dir='ltr'>Seculo</span> <span class='ocrx_word' id='word_1_322' title='bbox 1956 880 2028 903; x_wconf 79' lang='lat' dir='ltr'>non</span> 
     </span>
     <span class='ocr_line' id='line_1_62' title="bbox 1268 913 2031 954; baseline 0.007 -5"><span class='ocrx_word' id='word_1_323' title='bbox 1268 913 1391 951; x_wconf 86' lang='lat' dir='ltr'>desunt</span> <span class='ocrx_word' id='word_1_324' title='bbox 1427 914 1590 950; x_wconf 87' lang='lat' dir='ltr'>informis</span> <span class='ocrx_word' id='word_1_325' title='bbox 1617 915 1720 951; x_wconf 70' lang='lat' dir='ltr'>huius</span> <span class='ocrx_word' id='word_1_326' title='bbox 1758 916 1888 952; x_wconf 84' lang='lat' dir='ltr'>ardoris</span> <span class='ocrx_word' id='word_1_327' title='bbox 1917 931 2031 954; x_wconf 85' lang='lat' dir='ltr'>exem-</span> 
     </span>
     <span class='ocr_line' id='line_1_63' title="bbox 1269 965 2031 1016; baseline 0.005 -16"><span class='ocrx_word' id='word_1_328' title='bbox 1269 965 1357 1013; x_wconf 83' lang='lat' dir='ltr'>pla,</span> <span class='ocrx_word' id='word_1_329' title='bbox 1398 965 1463 1013; x_wconf 87' lang='lat' dir='ltr'>qui</span> <span class='ocrx_word' id='word_1_330' title='bbox 1513 965 1755 1014; x_wconf 79' lang='lat' dir='ltr'>progrediente</span> <span class='ocrx_word' id='word_1_331' title='bbox 1798 976 1951 1016; x_wconf 77' lang='lat' dir='ltr'>tempore</span> <span class='ocrx_word' id='word_1_332' title='bbox 1991 968 2031 1004; x_wconf 87' lang='lat' dir='ltr'>in</span> 
     </span>
     <span class='ocr_line' id='line_1_64' title="bbox 1270 1015 2030 1067; baseline 0.007 -17"><span class='ocrx_word' id='word_1_333' title='bbox 1270 1015 1383 1063; x_wconf 89' lang='lat' dir='ltr'>piam,</span> <span class='ocrx_word' id='word_1_334' title='bbox 1400 1015 1422 1051; x_wconf 87' lang='lat' dir='ltr'>fi</span> <span class='ocrx_word' id='word_1_335' title='bbox 1452 1015 1538 1052; x_wconf 86' lang='lat' dir='ltr'>licet</span> <span class='ocrx_word' id='word_1_336' title='bbox 1564 1017 1700 1060; x_wconf 85' lang='lat' dir='ltr'>dicere,</span> <span class='ocrx_word' id='word_1_337' title='bbox 1728 1016 1894 1053; x_wconf 79' lang='lat' dir='ltr'>insaniam</span> <span class='ocrx_word' id='word_1_338' title='bbox 1922 1018 2030 1067; x_wconf 73' lang='lat' dir='ltr'>usque</span> 
     </span>
     <span class='ocr_line' id='line_1_65' title="bbox 1269 1065 2029 1113; baseline 0.004 -12"><span class='ocrx_word' id='word_1_339' title='bbox 1269 1065 1449 1102; x_wconf 66' lang='lat' dir='ltr'>excrevit.</span> <span class='ocrx_word' id='word_1_340' title='bbox 1478 1066 1802 1113; x_wconf 80' lang='lat' dir='ltr'>Exploratiffimum</span> <span class='ocrx_word' id='word_1_341' title='bbox 1831 1067 1897 1111; x_wconf 88' lang='lat' dir='ltr'>est,</span> <span class='ocrx_word' id='word_1_342' title='bbox 1925 1068 2029 1104; x_wconf 80' lang='lat' dir='ltr'>circi-</span> 
     </span>
     <span class='ocr_line' id='line_1_66' title="bbox 1268 1116 2030 1154; baseline 0.004 -3"><span class='ocrx_word' id='word_1_343' title='bbox 1268 1124 1320 1151; x_wconf 86' lang='lat' dir='ltr'>ter</span> <span class='ocrx_word' id='word_1_344' title='bbox 1347 1118 1492 1152; x_wconf 88' lang='lat' dir='ltr'>Annum</span> <span class='ocrx_word' id='word_1_345' title='bbox 1530 1116 1658 1153; x_wconf 81' lang='lat' dir='ltr'>Christi</span> <span class='ocrx_word' id='word_1_346' title='bbox 1697 1119 1865 1154; x_wconf 82' lang='lat' dir='ltr'>DCLm.</span> <span class='ocrx_word' id='word_1_347' title='bbox 1895 1117 2030 1154; x_wconf 76' lang='lat' dir='ltr'>Floria-</span> 
     </span>
     <span class='ocr_line' id='line_1_67' title="bbox 1269 1166 2029 1203; baseline 0.003 -2"><span class='ocrx_word' id='word_1_348' title='bbox 1269 1166 1381 1202; x_wconf 78' lang='lat' dir='ltr'>censes</span> <span class='ocrx_word' id='word_1_349' title='bbox 1399 1166 1593 1202; x_wconf 81' lang='lat' dir='ltr'>Monachos</span> <span class='ocrx_word' id='word_1_350' title='bbox 1620 1181 1639 1203; x_wconf 93' lang='lat' dir='ltr'>e</span> <span class='ocrx_word' id='word_1_351' title='bbox 1660 1167 1782 1203; x_wconf 67' lang='lat' dir='ltr'>Gallia</span> <span class='ocrx_word' id='word_1_352' title='bbox 1806 1167 1838 1202; x_wconf 87' lang='lat' dir='ltr'>se</span> <span class='ocrx_word' id='word_1_353' title='bbox 1866 1168 1906 1203; x_wconf 88' lang='lat' dir='ltr'>ad</span> <span class='ocrx_word' id='word_1_354' title='bbox 1924 1170 2029 1203; x_wconf 86' lang='lat' dir='ltr'>Mon-</span> 
     </span>
    </p>
   </div>
   <div class='ocr_carea' id='block_1_12' title="bbox 1184 1210 2027 1266">
    <p class='ocr_par' dir='ltr' id='par_1_12' title="bbox 1184 1210 2027 1266">
     <span class='ocr_line' id='line_1_68' title="bbox 1184 1210 2027 1266; baseline -0.001 -11"><span class='ocrx_word' id='word_1_355' title='bbox 1184 1210 1230 1255; x_wconf 78' lang='lat' dir='ltr'>.C</span> <span class='ocrx_word' id='word_1_356' title='bbox 1267 1224 1337 1252; x_wconf 80' lang='lat' dir='ltr'>tem</span> <span class='ocrx_word' id='word_1_357' title='bbox 1366 1216 1525 1253; x_wconf 77' lang='lat' dir='ltr'>Cafinum</span> <span class='ocrx_word' id='word_1_358' title='bbox 1564 1217 1747 1254; x_wconf 73' lang='lat' dir='ltr'>contuliffe</span> <span class='ocrx_word' id='word_1_359' title='bbox 1767 1245 1777 1262; x_wconf 91' lang='lat'>‚</span> <span class='ocrx_word' id='word_1_360' title='bbox 1805 1226 1910 1266; x_wconf 85' lang='lat' dir='ltr'>atque</span> <span class='ocrx_word' id='word_1_361' title='bbox 1943 1218 2027 1254; x_wconf 87' lang='lat' dir='ltr'>inde</span> 
     </span>
    </p>
   </div>
   <div class='ocr_carea' id='block_1_13' title="bbox 1182 1262 1188 1652">
    <p class='ocr_par' dir='ltr' id='par_1_13' title="bbox 1182 1254 1241 1659">
     <span class='ocr_line' id='line_1_69' title="bbox 1182 1262 1188 1652; baseline 0.119 0"><span class='ocrx_word' id='word_1_362' title='bbox 1182 1262 1188 1652; x_wconf 60' lang='grc' dir='ltr'><strong><em>ἱ</em></strong></span> 
     </span>
    </p>
   </div>
   <div class='ocr_carea' id='block_1_14' title="bbox 403 1663 1230 1717">
    <p class='ocr_par' dir='ltr' id='par_1_14' title="bbox 403 1663 1230 1717">
     <span class='ocr_line' id='line_1_70' title="bbox 403 1663 1230 1717; baseline 0 -12"><span class='ocrx_word' id='word_1_363' title='bbox 403 1671 574 1706; x_wconf 78' lang='lat' dir='ltr'>sacrorum</span> <span class='ocrx_word' id='word_1_364' title='bbox 591 1671 786 1717; x_wconf 84' lang='lat' dir='ltr'>Corporum</span> <span class='ocrx_word' id='word_1_365' title='bbox 802 1696 809 1703; x_wconf 93' lang='lat'><strong>.</strong></span> <span class='ocrx_word' id='word_1_366' title='bbox 835 1671 939 1706; x_wconf 86' lang='lat' dir='ltr'>Tunc</span> <span class='ocrx_word' id='word_1_367' title='bbox 966 1670 1059 1705; x_wconf 86' lang='lat' dir='ltr'>enim</span> <span class='ocrx_word' id='word_1_368' title='bbox 1081 1669 1160 1705; x_wconf 83' lang='lat' dir='ltr'>fini-</span> <span class='ocrx_word' id='word_1_369' title='bbox 1197 1663 1230 1696; x_wconf 68' lang='lat' dir='ltr'>D</span> 
     </span>
    </p>
   </div>
   <div class='ocr_carea' id='block_1_15' title="bbox 1266 1267 2029 2018">
    <p class='ocr_par' dir='ltr' id='par_1_15' title="bbox 1266 1267 2029 2018">
     <span class='ocr_line' id='line_1_71' title="bbox 1270 1267 2029 1305; baseline 0.003 -3"><span class='ocrx_word' id='word_1_370' title='bbox 1270 1267 1484 1303; x_wconf 79' lang='lat' dir='ltr'>revelatione</span> <span class='ocrx_word' id='word_1_371' title='bbox 1521 1267 1669 1303; x_wconf 63' lang='lat' dir='ltr'>confiffla</span> <span class='ocrx_word' id='word_1_372' title='bbox 1706 1267 1828 1304; x_wconf 88' lang='lat' dir='ltr'>furtim</span> <span class='ocrx_word' id='word_1_373' title='bbox 1865 1268 2029 1305; x_wconf 79' lang='lat' dir='ltr'>sustulisse</span> 
     </span>
     <span class='ocr_line' id='line_1_72' title="bbox 1270 1316 2029 1363; baseline 0.003 -11"><span class='ocrx_word' id='word_1_374' title='bbox 1270 1316 1361 1353; x_wconf 83' lang='lat' dir='ltr'>sacra</span> <span class='ocrx_word' id='word_1_375' title='bbox 1387 1319 1568 1363; x_wconf 78' lang='lat' dir='ltr'>Corpora,</span> <span class='ocrx_word' id='word_1_376' title='bbox 1585 1317 1651 1353; x_wconf 86' lang='lat' dir='ltr'>five</span> <span class='ocrx_word' id='word_1_377' title='bbox 1678 1318 1747 1354; x_wconf 81' lang='lat' dir='ltr'>offa</span> <span class='ocrx_word' id='word_1_378' title='bbox 1774 1318 1891 1354; x_wconf 67' lang='lat' dir='ltr'>SanE‘ti</span> <span class='ocrx_word' id='word_1_379' title='bbox 1920 1320 2029 1354; x_wconf 86' lang='lat' dir='ltr'>Bene-</span> 
     </span>
     <span class='ocr_line' id='line_1_73' title="bbox 1269 1366 2029 1410; baseline 0.004 -9"><span class='ocrx_word' id='word_1_380' title='bbox 1269 1366 1376 1410; x_wconf 58' lang='lat' dir='ltr'>dieii,</span> <span class='ocrx_word' id='word_1_381' title='bbox 1405 1366 1591 1402; x_wconf 80' lang='lat' dir='ltr'>Monastici</span> <span class='ocrx_word' id='word_1_382' title='bbox 1619 1367 1764 1403; x_wconf 76' lang='lat' dir='ltr'>Ordinis</span> <span class='ocrx_word' id='word_1_383' title='bbox 1791 1368 1828 1403; x_wconf 88' lang='lat' dir='ltr'>in</span> <span class='ocrx_word' id='word_1_384' title='bbox 1855 1368 2029 1404; x_wconf 80' lang='lat' dir='ltr'>Occiden-</span> 
     </span>
     <span class='ocr_line' id='line_1_74' title="bbox 1270 1415 2027 1456; baseline 0.001 -4"><span class='ocrx_word' id='word_1_385' title='bbox 1270 1425 1304 1452; x_wconf 91' lang='lat' dir='ltr'>te</span> <span class='ocrx_word' id='word_1_386' title='bbox 1331 1415 1542 1452; x_wconf 80' lang='lat' dir='ltr'>institutoris</span> <span class='ocrx_word' id='word_1_387' title='bbox 1565 1441 1576 1456; x_wconf 89' lang='lat'><em>‚</em></span> <span class='ocrx_word' id='word_1_388' title='bbox 1601 1417 1634 1452; x_wconf 76' lang='grc' dir='ltr'>ἃ</span> <span class='ocrx_word' id='word_1_389' title='bbox 1673 1417 1817 1453; x_wconf 62' lang='grc' dir='ltr'>ὃεῃξὶαε</span> <span class='ocrx_word' id='word_1_390' title='bbox 1845 1418 2027 1454; x_wconf 84' lang='lat' dir='ltr'>Scholasti-</span> 
     </span>
     <span class='ocr_line' id='line_1_75' title="bbox 1269 1466 2028 1515; baseline 0.003 -13"><span class='ocrx_word' id='word_1_391' title='bbox 1269 1480 1328 1502; x_wconf 90' lang='lat' dir='ltr'>cae</span> <span class='ocrx_word' id='word_1_392' title='bbox 1364 1467 1435 1515; x_wconf 81' lang='lat' dir='ltr'>ejus</span> <span class='ocrx_word' id='word_1_393' title='bbox 1464 1466 1597 1503; x_wconf 77' lang='lat' dir='ltr'>Sorotis</span> <span class='ocrx_word' id='word_1_394' title='bbox 1618 1494 1628 1511; x_wconf 90' lang='lat'>,</span> <span class='ocrx_word' id='word_1_395' title='bbox 1655 1466 1787 1515; x_wconf 82' lang='lat' dir='ltr'>illaque</span> <span class='ocrx_word' id='word_1_396' title='bbox 1827 1467 1864 1503; x_wconf 87' lang='lat' dir='ltr'>in</span> <span class='ocrx_word' id='word_1_397' title='bbox 1890 1469 2028 1504; x_wconf 83' lang='lat' dir='ltr'>Gallias</span> 
     </span>
     <span class='ocr_line' id='line_1_76' title="bbox 1274 1517 2029 1555; baseline 0.003 -3"><span class='ocrx_word' id='word_1_398' title='bbox 1274 1518 1314 1553; x_wconf 77' lang='lat' dir='ltr'>ad</span> <span class='ocrx_word' id='word_1_399' title='bbox 1343 1517 1438 1553; x_wconf 80' lang='lat' dir='ltr'>suum</span> <span class='ocrx_word' id='word_1_400' title='bbox 1459 1517 1679 1553; x_wconf 86' lang='lat' dir='ltr'>Coenobium</span> <span class='ocrx_word' id='word_1_401' title='bbox 1701 1518 1892 1554; x_wconf 71' lang='lat' dir='ltr'>advexisse.</span> <span class='ocrx_word' id='word_1_402' title='bbox 1914 1521 2029 1555; x_wconf 81' lang='lat' dir='ltr'>Excu-</span> 
     </span>
     <span class='ocr_line' id='line_1_77' title="bbox 1271 1567 2028 1616; baseline 0.003 -14"><span class='ocrx_word' id='word_1_403' title='bbox 1271 1567 1410 1603; x_wconf 89' lang='lat' dir='ltr'>sandum</span> <span class='ocrx_word' id='word_1_404' title='bbox 1441 1575 1557 1602; x_wconf 87' lang='lat' dir='ltr'>tamen</span> <span class='ocrx_word' id='word_1_405' title='bbox 1586 1567 1715 1602; x_wconf 84' lang='lat' dir='ltr'>facinus</span> <span class='ocrx_word' id='word_1_406' title='bbox 1733 1594 1744 1611; x_wconf 91' lang='lat'>‚</span> <span class='ocrx_word' id='word_1_407' title='bbox 1770 1581 1876 1616; x_wconf 85' lang='lat' dir='ltr'>quum</span> <span class='ocrx_word' id='word_1_408' title='bbox 1907 1568 2028 1605; x_wconf 83' lang='lat' dir='ltr'>Italici</span> 
     </span>
     <span class='ocr_line' id='line_1_78' title="bbox 1267 1616 2027 1666; baseline 0.003 -14"><span class='ocrx_word' id='word_1_409' title='bbox 1267 1616 1436 1652; x_wconf 86' lang='lat' dir='ltr'>Monachi</span> <span class='ocrx_word' id='word_1_410' title='bbox 1465 1616 1595 1652; x_wconf 86' lang='lat' dir='ltr'>sacrum</span> <span class='ocrx_word' id='word_1_411' title='bbox 1624 1618 1740 1652; x_wconf 86' lang='lat' dir='ltr'>locum</span> <span class='ocrx_word' id='word_1_412' title='bbox 1778 1631 1796 1652; x_wconf 86' lang='lat' dir='ltr'>a</span> <span class='ocrx_word' id='word_1_413' title='bbox 1825 1619 2027 1666; x_wconf 83' lang='lat' dir='ltr'>Langobar-</span> 
     </span>
     <span class='ocr_line' id='line_1_79' title="bbox 1266 1666 2027 1716; baseline 0.001 -13"><span class='ocrx_word' id='word_1_414' title='bbox 1266 1667 1319 1703; x_wconf 83' lang='lat' dir='ltr'>dis</span> <span class='ocrx_word' id='word_1_415' title='bbox 1344 1675 1444 1703; x_wconf 73' lang='lat' dir='ltr'>antea</span> <span class='ocrx_word' id='word_1_416' title='bbox 1468 1666 1622 1703; x_wconf 60' lang='lat' dir='ltr'>excisum</span> <span class='ocrx_word' id='word_1_417' title='bbox 1649 1667 1887 1716; x_wconf 76' lang='lat' dir='ltr'>negligerent,</span> <span class='ocrx_word' id='word_1_418' title='bbox 1915 1681 2027 1716; x_wconf 89' lang='lat' dir='ltr'>neque</span> 
     </span>
     <span class='ocr_line' id='line_1_80' title="bbox 1269 1717 2026 1756; baseline 0.001 -2"><span class='ocrx_word' id='word_1_419' title='bbox 1269 1731 1312 1754; x_wconf 85' lang='lat' dir='ltr'>ex</span> <span class='ocrx_word' id='word_1_420' title='bbox 1339 1717 1449 1753; x_wconf 86' lang='lat' dir='ltr'>ruinis</span> <span class='ocrx_word' id='word_1_421' title='bbox 1486 1717 1694 1754; x_wconf 84' lang='lat' dir='ltr'>venerandas</span> <span class='ocrx_word' id='word_1_422' title='bbox 1724 1717 1941 1754; x_wconf 75' lang='lat' dir='ltr'>Pati-iarchae</span> <span class='ocrx_word' id='word_1_423' title='bbox 1973 1718 2026 1756; x_wconf 82' lang='lat' dir='ltr'>sui</span> 
     </span>
     <span class='ocr_line' id='line_1_81' title="bbox 1269 1768 2028 1816; baseline 0.003 -12"><span class='ocrx_word' id='word_1_424' title='bbox 1269 1768 1412 1804; x_wconf 86' lang='lat' dir='ltr'>exuvias</span> <span class='ocrx_word' id='word_1_425' title='bbox 1439 1768 1600 1804; x_wconf 85' lang='lat' dir='ltr'>efferrent</span> <span class='ocrx_word' id='word_1_426' title='bbox 1619 1794 1628 1804; x_wconf 93' lang='lat'><strong>.</strong></span> <span class='ocrx_word' id='word_1_427' title='bbox 1667 1768 1835 1816; x_wconf 82' lang='lat' dir='ltr'>Equidem</span> <span class='ocrx_word' id='word_1_428' title='bbox 1863 1769 1948 1804; x_wconf 88' lang='lat' dir='ltr'>novi</span> <span class='ocrx_word' id='word_1_429' title='bbox 1975 1783 2028 1806; x_wconf 90' lang='lat' dir='ltr'>re-</span> 
     </span>
     <span class='ocr_line' id='line_1_82' title="bbox 1270 1817 2027 1865; baseline 0.003 -11"><span class='ocrx_word' id='word_1_430' title='bbox 1270 1817 1441 1855; x_wconf 86' lang='lat' dir='ltr'>centiores</span> <span class='ocrx_word' id='word_1_431' title='bbox 1468 1817 1698 1865; x_wconf 65' lang='lat' dir='ltr'>Catinensium</span> <span class='ocrx_word' id='word_1_432' title='bbox 1742 1819 1783 1853; x_wconf 90' lang='lat' dir='ltr'>ad</span> <span class='ocrx_word' id='word_1_433' title='bbox 1819 1818 1951 1855; x_wconf 86' lang='lat' dir='ltr'>fabulas</span> <span class='ocrx_word' id='word_1_434' title='bbox 1990 1832 2027 1855; x_wconf 88' lang='lat' dir='ltr'>a·</span> 
     </span>
     <span class='ocr_line' id='line_1_83' title="bbox 1270 1867 2027 1917; baseline 0.005 -14"><span class='ocrx_word' id='word_1_435' title='bbox 1270 1869 1430 1905; x_wconf 85' lang='lat' dir='ltr'>mandare</span> <span class='ocrx_word' id='word_1_436' title='bbox 1477 1867 1675 1917; x_wconf 82' lang='lat' dir='ltr'>hujusmodi</span> <span class='ocrx_word' id='word_1_437' title='bbox 1715 1869 2027 1907; x_wconf 84' lang='lat' dir='ltr'>Translationem.</span> 
     </span>
     <span class='ocr_line' id='line_1_84' title="bbox 1270 1918 2026 1956; baseline 0.001 -1"><span class='ocrx_word' id='word_1_438' title='bbox 1270 1919 1334 1955; x_wconf 79' lang='lat' dir='ltr'>Sed</span> <span class='ocrx_word' id='word_1_439' title='bbox 1363 1919 1414 1955; x_wconf 89' lang='lat' dir='ltr'>uti</span> <span class='ocrx_word' id='word_1_440' title='bbox 1441 1918 1757 1955; x_wconf 80' lang='lat' dir='ltr'>animadvertebam</span> <span class='ocrx_word' id='word_1_441' title='bbox 1790 1921 1881 1955; x_wconf 85' lang='lat' dir='ltr'>Part.</span> <span class='ocrx_word' id='word_1_442' title='bbox 1901 1921 1929 1956; x_wconf 88' lang='lat'>1.</span> <span class='ocrx_word' id='word_1_443' title='bbox 1951 1921 2026 1956; x_wconf 86' lang='lat' dir='ltr'>To-</span> 
     </span>
     <span class='ocr_line' id='line_1_85' title="bbox 1270 1969 2025 2018; baseline 0.003 -13"><span class='ocrx_word' id='word_1_444' title='bbox 1270 1969 1318 2005; x_wconf 90' lang='lat' dir='ltr'>mi</span> <span class='ocrx_word' id='word_1_445' title='bbox 1348 1971 1394 2005; x_wconf 88' lang='lat'>11.</span> <span class='ocrx_word' id='word_1_446' title='bbox 1433 1982 1507 2018; x_wconf 84' lang='lat' dir='ltr'>pag.</span> <span class='ocrx_word' id='word_1_447' title='bbox 1538 1971 1620 2016; x_wconf 84' lang='lat'>348.</span> <span class='ocrx_word' id='word_1_448' title='bbox 1659 1972 1736 2005; x_wconf 81' lang='lat' dir='ltr'>Rer.</span> <span class='ocrx_word' id='word_1_449' title='bbox 1773 1969 1925 2006; x_wconf 82' lang='lat' dir='ltr'>Italicar.</span> <span class='ocrx_word' id='word_1_450' title='bbox 1961 1970 2025 2007; x_wconf 84' lang='lat' dir='ltr'>stat</span> 
     </span>
    </p>
   </div>
   <div class='ocr_carea' id='block_1_16' title="bbox 1238 2019 2026 2114">
    <p class='ocr_par' dir='ltr' id='par_1_16' title="bbox 1238 2019 2026 2114">
     <span class='ocr_line' id='line_1_86' title="bbox 1238 2019 2026 2065; baseline 0 -9"><span class='ocrx_word' id='word_1_451' title='bbox 1238 2054 1241 2065; x_wconf 76' lang='grc'>,</span> <span class='ocrx_word' id='word_1_452' title='bbox 1269 2030 1390 2056; x_wconf 88' lang='lat' dir='ltr'>contra</span> <span class='ocrx_word' id='word_1_453' title='bbox 1425 2019 1663 2056; x_wconf 63' lang='lat' dir='ltr'>ineluetabilis</span> <span class='ocrx_word' id='word_1_454' title='bbox 1699 2019 1888 2056; x_wconf 62' lang='lat' dir='ltr'>aufitoritas</span> <span class='ocrx_word' id='word_1_455' title='bbox 1914 2021 1947 2055; x_wconf 87' lang='lat'>&amp;</span> <span class='ocrx_word' id='word_1_456' title='bbox 1975 2029 2026 2056; x_wconf 90' lang='lat' dir='ltr'>te-</span> 
     </span>
     <span class='ocr_line' id='line_1_87' title="bbox 1238 2069 2022 2114; baseline -0.001 -8"><span class='ocrx_word' id='word_1_457' title='bbox 1238 2069 1240 2091; x_wconf 66' lang='lat'><em>*</em></span> <span class='ocrx_word' id='word_1_458' title='bbox 1268 2070 1467 2106; x_wconf 82' lang='lat' dir='ltr'>stimonium</span> <span class='ocrx_word' id='word_1_459' title='bbox 1499 2070 1597 2106; x_wconf 79' lang='lat' dir='ltr'>Pauli</span> <span class='ocrx_word' id='word_1_460' title='bbox 1628 2071 1803 2114; x_wconf 85' lang='lat' dir='ltr'>Diaconi,</span> <span class='ocrx_word' id='word_1_461' title='bbox 1830 2069 2022 2106; x_wconf 81' lang='lat' dir='ltr'>Cafinenfis</span> 
     </span>
    </p>
   </div>
   <div class='ocr_carea' id='block_1_17' title="bbox 1265 2119 2024 2521">
    <p class='ocr_par' dir='ltr' id='par_1_17' title="bbox 1265 2119 2024 2521">
     <span class='ocr_line' id='line_1_88' title="bbox 1269 2119 2023 2167; baseline -0.001 -10"><span class='ocrx_word' id='word_1_462' title='bbox 1269 2120 1438 2157; x_wconf 82' lang='lat' dir='ltr'>Monachi</span> <span class='ocrx_word' id='word_1_463' title='bbox 1456 2144 1466 2160; x_wconf 90' lang='lat'>‚</span> <span class='ocrx_word' id='word_1_464' title='bbox 1494 2129 1628 2167; x_wconf 86' lang='lat' dir='ltr'>praeter</span> <span class='ocrx_word' id='word_1_465' title='bbox 1654 2128 1709 2154; x_wconf 87' lang='lat' dir='ltr'>tot</span> <span class='ocrx_word' id='word_1_466' title='bbox 1735 2120 1804 2154; x_wconf 86' lang='lat' dir='ltr'>alia</span> <span class='ocrx_word' id='word_1_467' title='bbox 1830 2119 2023 2167; x_wconf 83' lang='lat' dir='ltr'>antiquita-</span> 
     </span>
     <span class='ocr_line' id='line_1_89' title="bbox 1268 2169 2020 2217; baseline -0.001 -10"><span class='ocrx_word' id='word_1_468' title='bbox 1268 2170 1315 2207; x_wconf 85' lang='lat' dir='ltr'>tis</span> <span class='ocrx_word' id='word_1_469' title='bbox 1342 2178 1583 2206; x_wconf 84' lang='lat' dir='ltr'>monumenta.</span> <span class='ocrx_word' id='word_1_470' title='bbox 1619 2169 1657 2204; x_wconf 90' lang='lat' dir='ltr'>Id</span> <span class='ocrx_word' id='word_1_471' title='bbox 1693 2182 1775 2217; x_wconf 85' lang='lat' dir='ltr'>ergo</span> <span class='ocrx_word' id='word_1_472' title='bbox 1802 2182 1908 2205; x_wconf 89' lang='lat' dir='ltr'>unum</span> <span class='ocrx_word' id='word_1_473' title='bbox 1936 2183 2020 2206; x_wconf 86' lang='lat' dir='ltr'>con-</span> 
     </span>
     <span class='ocr_line' id='line_1_90' title="bbox 1267 2218 2024 2269; baseline -0.001 -12"><span class='ocrx_word' id='word_1_474' title='bbox 1267 2221 1405 2257; x_wconf 86' lang='lat' dir='ltr'>tendere</span> <span class='ocrx_word' id='word_1_475' title='bbox 1432 2219 1481 2255; x_wconf 88' lang='lat' dir='ltr'>fas</span> <span class='ocrx_word' id='word_1_476' title='bbox 1507 2219 1574 2263; x_wconf 85' lang='lat' dir='ltr'>est,</span> <span class='ocrx_word' id='word_1_477' title='bbox 1591 2218 1681 2255; x_wconf 83' lang='lat' dir='ltr'>sacra</span> <span class='ocrx_word' id='word_1_478' title='bbox 1708 2219 1876 2256; x_wconf 86' lang='lat' dir='ltr'>videlicet</span> <span class='ocrx_word' id='word_1_479' title='bbox 1900 2219 2024 2269; x_wconf 89' lang='lat' dir='ltr'>pigno-</span> 
     </span>
     <span class='ocr_line' id='line_1_91' title="bbox 1269 2269 2021 2311; baseline 0 -4"><span class='ocrx_word' id='word_1_480' title='bbox 1269 2285 1304 2307; x_wconf 89' lang='lat' dir='ltr'>ra</span> <span class='ocrx_word' id='word_1_481' title='bbox 1332 2270 1448 2307; x_wconf 72' lang='lat' dir='ltr'>Sanffi</span> <span class='ocrx_word' id='word_1_482' title='bbox 1478 2269 1658 2311; x_wconf 56' lang='lat' dir='ltr'>Benediffi</span> <span class='ocrx_word' id='word_1_483' title='bbox 1698 2269 1853 2306; x_wconf 82' lang='lat' dir='ltr'>restituta</span> <span class='ocrx_word' id='word_1_484' title='bbox 1880 2269 2021 2307; x_wconf 86' lang='lat' dir='ltr'>demum</span> 
     </span>
     <span class='ocr_line' id='line_1_92' title="bbox 1269 2319 2018 2368; baseline 0.001 -11"><span class='ocrx_word' id='word_1_485' title='bbox 1269 2321 1366 2357; x_wconf 68' lang='lat' dir='ltr'>fuisse</span> <span class='ocrx_word' id='word_1_486' title='bbox 1393 2320 1639 2358; x_wconf 82' lang='lat' dir='ltr'>Cafinatibus:</span> <span class='ocrx_word' id='word_1_487' title='bbox 1668 2333 1773 2368; x_wconf 85' lang='lat' dir='ltr'>quam</span> <span class='ocrx_word' id='word_1_488' title='bbox 1809 2319 2018 2358; x_wconf 87' lang='lat' dir='ltr'>sententiam</span> 
     </span>
     <span class='ocr_line' id='line_1_93' title="bbox 1270 2369 2024 2420; baseline 0 -12"><span class='ocrx_word' id='word_1_489' title='bbox 1270 2371 1305 2408; x_wconf 74' lang='grc' dir='ltr'>ἃ</span> <span class='ocrx_word' id='word_1_490' title='bbox 1335 2385 1399 2420; x_wconf 86' lang='lat' dir='ltr'>ego</span> <span class='ocrx_word' id='word_1_491' title='bbox 1427 2371 1553 2406; x_wconf 84' lang='lat' dir='ltr'>validis</span> <span class='ocrx_word' id='word_1_492' title='bbox 1590 2369 1783 2406; x_wconf 86' lang='lat' dir='ltr'>rationibus</span> <span class='ocrx_word' id='word_1_493' title='bbox 1810 2370 1880 2406; x_wconf 87' lang='lat' dir='ltr'>niti</span> <span class='ocrx_word' id='word_1_494' title='bbox 1916 2371 2024 2408; x_wconf 86' lang='lat' dir='ltr'>osten-</span> 
     </span>
     <span class='ocr_line' id='line_1_94' title="bbox 1269 2419 2020 2469; baseline 0.001 -11"><span class='ocrx_word' id='word_1_495' title='bbox 1269 2422 1389 2458; x_wconf 84' lang='lat' dir='ltr'>debam</span> <span class='ocrx_word' id='word_1_496' title='bbox 1405 2421 1443 2458; x_wconf 89' lang='lat' dir='ltr'>in</span> <span class='ocrx_word' id='word_1_497' title='bbox 1471 2422 1551 2457; x_wconf 88' lang='lat' dir='ltr'>loco</span> <span class='ocrx_word' id='word_1_498' title='bbox 1567 2419 1664 2468; x_wconf 88' lang='lat' dir='ltr'>supra</span> <span class='ocrx_word' id='word_1_499' title='bbox 1681 2429 1894 2457; x_wconf 78' lang='lat' dir='ltr'>memorate.</span> <span class='ocrx_word' id='word_1_500' title='bbox 1913 2422 2020 2469; x_wconf 74' lang='lat' dir='ltr'>Quod</span> 
     </span>
     <span class='ocr_line' id='line_1_95' title="bbox 1265 2471 2020 2521; baseline 0 -12"><span class='ocrx_word' id='word_1_501' title='bbox 1265 2473 1310 2509; x_wconf 85' lang='lat' dir='ltr'>est</span> <span class='ocrx_word' id='word_1_502' title='bbox 1332 2472 1372 2508; x_wconf 88' lang='lat' dir='ltr'>ad</span> <span class='ocrx_word' id='word_1_503' title='bbox 1401 2480 1558 2521; x_wconf 81' lang='lat' dir='ltr'>potentes</span> <span class='ocrx_word' id='word_1_504' title='bbox 1579 2471 1694 2515; x_wconf 78' lang='lat' dir='ltr'>viros,</span> <span class='ocrx_word' id='word_1_505' title='bbox 1709 2471 1912 2519; x_wconf 83' lang='lat' dir='ltr'>Aistulplms</span> <span class='ocrx_word' id='word_1_506' title='bbox 1928 2474 2020 2509; x_wconf 89' lang='lat' dir='ltr'>Lan-</span> 
     </span>
    </p>
   </div>
   <div class='ocr_carea' id='block_1_18' title="bbox 1265 2521 2019 2621">
    <p class='ocr_par' dir='ltr' id='par_1_18' title="bbox 1265 2521 2019 2621">
     <span class='ocr_line' id='line_1_96' title="bbox 1266 2521 2019 2572; baseline 0.001 -14"><span class='ocrx_word' id='word_1_507' title='bbox 1266 2522 1494 2572; x_wconf 81' lang='lat' dir='ltr'>gobardorum</span> <span class='ocrx_word' id='word_1_508' title='bbox 1522 2523 1597 2557; x_wconf 89' lang='lat' dir='ltr'>Rex</span> <span class='ocrx_word' id='word_1_509' title='bbox 1625 2521 1705 2557; x_wconf 86' lang='lat' dir='ltr'>dum</span> <span class='ocrx_word' id='word_1_510' title='bbox 1737 2524 1884 2558; x_wconf 82' lang='lat' dir='ltr'>Romam</span> <span class='ocrx_word' id='word_1_511' title='bbox 1921 2523 2019 2571; x_wconf 83' lang='lat' dir='ltr'>gravi</span> 
     </span>
     <span class='ocr_line' id='line_1_97' title="bbox 1265 2573 2019 2621; baseline 0.001 -12"><span class='ocrx_word' id='word_1_512' title='bbox 1265 2573 1440 2610; x_wconf 78' lang='lat' dir='ltr'>obfidicne</span> <span class='ocrx_word' id='word_1_513' title='bbox 1483 2579 1654 2621; x_wconf 80' lang='lat' dir='ltr'>premeret</span> <span class='ocrx_word' id='word_1_514' title='bbox 1691 2573 1801 2613; x_wconf 88' lang='lat' dir='ltr'>Anno</span> <span class='ocrx_word' id='word_1_515' title='bbox 1837 2575 2019 2611; x_wconf 68' lang='lat' dir='ltr'>nem-V.</span> 
     </span>
    </p>
   </div>
   <div class='ocr_carea' id='block_1_19' title="bbox 1872 2628 1972 2658">
    <p class='ocr_par' dir='ltr' id='par_1_19' title="bbox 1872 2628 1972 2658">
     <span class='ocr_line' id='line_1_98' title="bbox 1872 2628 1972 2658; baseline 0.01 -1"><span class='ocrx_word' id='word_1_516' title='bbox 1872 2628 1972 2658; x_wconf 66' lang='lat' dir='ltr'>mulsa</span> 
     </span>
    </p>
   </div>
  </div>
 </body>
</html>
