2237 3068
414 196 430 222 1
469 196 494 233 9

352 197 464 288 runt7;
500 238 534 274 &
572 236 713 274 ceffavit
753 236 860 271 fames
905 235 1080 284 praediffia
1104 263 1113 272 .

352 290 408 326 Eo
434 300 592 337 tempore
627 287 697 323 fuit
730 285 821 322 saeta
850 287 922 322 Pax
949 286 987 323 in
1014 286 1114 323 Civi-

354 348 428 376 tate
455 338 678 376 constantiae
705 337 747 373 de
774 337 986 378 Alemannia
1021 337 1115 373 inter

355 390 578 426 Fredericum
608 388 765 423 Primum
791 389 1042 435 'Imperatorem
1071 402 1113 424 ex

354 453 422 475 una
462 441 591 482 Parte,
627 439 659 472 8<
700 437 875 473 Civitates
914 437 1036 473 Italiae
1071 452 1113 474 ex

355 492 463 526 altera
507 490 587 523 Vn.
630 488 803 524 Kalendas
843 488 961 532 julii,

355 539 469 588 Regni
507 539 580 586 ejus
619 541 768 574 xxxu.
805 537 843 574 in
879 551 946 585 qua
976 537 1115 574 fuerunt

355 591 396 626 de
428 589 541 625 Padua
579 588 713 626 scilicet
749 588 928 631 Gnanfim,
956 588 1116 624 Ecilinus

352 640 488 686 judex,
516 638 553 676 &
583 639 789 689 Henglestus
817 639 858 675 de
886 638 1116 688 Fontagliva.

645 702 660 727 1
695 702 710 726 -1
747 693 767 726 8
795 703 831 736 4.

405 743 581 778 Dominus
610 741 778 777 Albertus
806 740 847 776 de
874 741 992 776 Baone
1018 738 1116 776 Civis

355 792 540 828 Paduanus
567 792 661 828 rexit
689 791 839 827 Paduam
857 817 866 826 .
894 792 947 826 Eo
982 801 1116 837 tempo-

355 856 392 880 re
419 842 489 879 fuit
520 842 630 879 fabius
668 844 759 878 Pons
797 843 945 877 Brentae
972 841 1014 876 de
1040 843 1113 875 Me-

339 893 495 943 ‘janiga,
520 894 554 929 8<
580 892 653 928 fuit
680 891 785 928 fames
813 891 950 927 valida.
978 893 1025 927 Et
1047 893 1116 926 Do-

354 945 472 980 minus
499 943 633 981 Lucius
663 945 755 991 Papa
782 942 926 978 Tertius
960 950 1117 983 receptus

352 993 426 1030 fuit
453 994 489 1030 in
518 997 659 1030 Verona
686 1006 765 1030 cum
793 992 918 1042 gaudio
947 993 1009 1028 XI.
1036 993 1117 1029 Kal.

357 1044 531 1094 Augusti.

647 1107 665 1131 1
700 1106 715 1131 1
747 1097 769 1131 8
798 1104 832 1140 ς.

407 1145 585 1183 Dominus
609 1145 807 1182 Grimerius
836 1143 1041 1180 vicecomes
1075 1143 1117 1179 de

357 1196 538 1233 Placentia
565 1196 634 1232 fuit
664 1195 812 1232 Potestas
841 1195 999 1231 Paduae.

651 1259 665 1282 1
701 1258 716 1282 1
750 1249 770 1282 8
799 1246 835 1283 6.

409 1296 586 1333 Dominus
637 1295 774 1345 Ugutio
824 1295 866 1332 de
913 1294 1028 1332 Baxio
1074 1293 1118 1330 de

357 1349 508 1384 Mantua
537 1346 688 1383 Potestas
718 1346 872 1382 paduae.

649 1409 663 1434 ι
699 1408 714 1432 1
747 1398 768 1432 8
794 1407 831 1443 7.

407 1447 585 1485 Dominus
614 1446 803 1497 Aposatius
830 1445 873 1482 de
899 1445 1019 1482 Brixia
1051 1446 1118 1481 Po-

356 1499 455 1535 testas
494 1499 655 1541 paduae,
683 1498 746 1545 qui
783 1496 852 1532 fuit
886 1495 1049 1543 expulsus
1077 1496 1119 1530 de

355 1549 529 1597 regimine
547 1576 557 1590 ,
585 1548 666 1595 quia
695 1548 786 1583 male
812 1548 994 1583 exercebat
1029 1545 1115 1580 Offiff

357 1602 452 1636 cium
482 1613 558 1635 cum
587 1598 815 1646 Magnatibus
843 1601 873 1631 &
897 1597 1117 1645 potentibus·

356 1652 410 1686 Eo
439 1659 597 1698 tempore
621 1648 755 1684 deviffl
784 1647 926 1683 fuerunt
951 1645 1113 1682 Christia-

356 1701 395 1736 ni
417 1715 435 1736 a
456 1702 607 1736 Soldano
634 1699 671 1735 in
700 1698 782 1734 festo
808 1697 923 1734 Sanfi‘li
950 1696 1117 1740 johannis

354 1751 396 1787 de
433 1750 559 1796 Iunio,
600 1748 661 1798 qui
700 1758 784 1784 tunc
824 1749 917 1794 cepit
954 1746 1117 1782 Hierusa-

354 1803 453 1845 lem,
477 1800 516 1837 ἂ
555 1802 702 1836 Terram
739 1798 920 1835 Sanctam.
957 1799 1003 1833 Et
1043 1799 1116 1832 Rex

355 1851 534 1888 Henricus
563 1850 657 1887 filius
686 1849 911 1897 Imperatoris
938 1847 1111 1894 desponsa-

357 1902 411 1938 vit
440 1902 610 1949 Reginam
637 1900 877 1937 constantiam
908 1898 1017 1934 filiam
1048 1901 1114 1933 Ru-

356 1953 445 1998 gerii
484 1954 588 2001 Regis
625 1951 786 1990 Siciliae,
817 1963 896 1986 cum
932 1949 1004 1996 ipse
1043 1951 1117 1984 Rex

355 2003 532 2039 Henricus
571 2003 638 2049 jam
676 2002 757 2037 effet
785 2003 970 2036 Annorum
1000 2002 1043 2036 L.
1072 2001 1119 2035 Et
1143 1997 1146 2004 '

356 2053 533 2089 Azolinus
563 2052 725 2088 Marchio
751 2052 793 2086 de
821 2051 896 2086 Este
924 2052 1016 2097 cepit
1039 2052 1118 2085 fra-

356 2114 458 2152 tam3
499 2105 529 2138 8<
560 2102 691 2137 Comes
721 2102 857 2149 Ugutio
884 2101 924 2136 de
953 2100 1119 2135 Vicentia

356 2153 428 2189 fuit
453 2153 602 2189 obseffus
630 2166 648 2188 a
677 2151 879 2187 Vicentinis
909 2151 946 2186 in
978 2153 1119 2185 Monte-

355 2204 459 2252 galda
483 2203 619 2239 minore
643 2215 719 2238 cum
750 2201 914 2237 Dominis
940 2201 1119 2245 Clarello,

354 2256 388 2289 δ(
431 2254 624 2297 Balugante
650 2279 658 2295 ,
695 2252 745 2288 ibi
782 2251 1004 2288 exstendbus
1043 2265 1119 2286 cum

354 2314 499 2340 centum
529 2302 712 2339 Militibus
740 2303 780 2337 de
810 2302 945 2337 Padua.
973 2301 1035 2337 sed
1058 2304 1116 2337 Pa>
1143 2318 1147 2350 1

352 2354 465 2390 duani
509 2355 590 2390 inde
628 2353 835 2388 Vicentinos
877 2353 1117 2400 expulerunt,

351 2404 390 2442 δεῖ
426 2405 463 2440 in
492 2404 607 2453 fugam
637 2413 903 2439 converterunt.
942 2405 994 2438 Eo
1031 2413 1101 2438 tem

360 2468 443 2504 pore
481 2455 649 2492 Soldanus
685 2454 778 2503 cepit
816 2454 1017 2502 Sepulcrum
1046 2456 1114 2489 Do-

360 2518 469 2542 mim.

1008 491 1115 523 Anno
1141 514 1144 523 ,

762 180 1572 221 GHRONICON

1152 239 1187 273 A

1153 1130 1198 1177 o

1143 2022 1200 2074 :Ei

1142 2517 1151 2545 l

1197 1121 1198 1126 ,
1227 1092 1295 1128 tini
1333 1105 1412 1128 cum
1445 1093 1605 1129 exercitu
1638 1093 1794 1129 miiitum
1824 1091 1860 1129 δι

1842 181 1926 223 180

1513 248 1529 272 1
1564 248 1579 272 1
1615 239 1635 273 8
1662 239 1699 274 8.

1278 285 1454 323 Dominus
1496 285 1647 336 Ugonus
1687 287 1730 324 de
1768 287 1988 333 Canavolis3

1228 337 1401 373 Dominus
1442 336 1736 386 Tansaigardinus
1773 339 1879 375 Cives
1922 340 1985 375 Pa-

1228 387 1332 423 duani
1379 387 1549 423 Consules
1595 399 1760 425 rexerunt
1804 390 1984 426 Paduam.

1228 439 1280 472 Eo
1310 446 1467 484 ternpore
1499 437 1651 473 Paduani
1684 450 1847 487 ceperunt
1878 442 1984 475 Mon*

1228 488 1434 534 tegaldam:
1483 497 1624 536 propter
1667 489 1760 536 quod
1801 490 1986 526 Vieentini

1228 537 1424 572 clauserunt
1451 550 1576 583 aquam
1599 539 1641 574 de
1666 541 1829 589 Longare
1854 541 1986 576 Padua-

1228 587 1282 623 nis
1306 614 1315 623 .
1369 588 1470 622 Unde
1511 589 1666 625 Paduam‘
1705 603 1784 626 eum
1826 590 1984 627 exercitu

1227 647 1347 673 euntes
1372 638 1547 673 violenter
1567 650 1774 686 aperuerunt
1793 640 1899 688 ipsam
1928 654 1986 677 ro-

1227 689 1328 724 stam.
1357 688 1418 723 Sed
1447 688 1580 724 incauti
1609 690 1866 737 permanserunt
1891 691 1986 726 mili-

1228 748 1278 775 tes
1307 738 1488 788 Paduani3
1517 740 1605 775 unde
1632 740 1817 776 ‘Vicentini
1841 740 1987 776 insulta-

1228 798 1351 825 verunt
1378 789 1415 825 in
1452 802 1532 834 eos,
1559 791 1592 825 8<
1627 792 1757 827 multos
1784 804 1826 827 ex
1853 791 1904 827 eis
1931 804 1986 826 ce-

1227 849 1380 888 perunt,
1407 838 1442 875 &
1483 849 1602 888 captos
1639 841 1841 878 Vite-ntiam
1878 841 1987 877 duxe-

1227 901 1328 926 runt.
1355 892 1402 926 Et
1438 891 1601 927 Ezelinus
1627 891 1669 926 de
1705 894 1867 928 *Romano
1904 904 1988 927 con-

1227 940 1338 977 traxit
1364 943 1546 977 amicitiam
1577 955 1654 977 curn
1685 942 1873 987 paduanis,
1897 942 1989 977 obli-

1227 1005 1309 1040 gans
1336 991 1387 1028 eis
1424 991 1622 1028 Honoriam
1653 1006 1714 1038 pro
1741 993 1841 1028 libris
1871 994 1986 1027 XXV.

1227 1042 1410 1078 millibus.
1437 1044 1485 1078 Et
1521 1042 1593 1091 post
1622 1045 1746 1078 Annos
1773 1045 1819 1078 V.
1857 1043 1987 1078 Vicen-

1887 1091 1989 1141 pedi-

1228 1152 1301 1178 tum
1347 1145 1507 1179 Veronae
1547 1152 1718 1179 venerunt
1763 1143 1986 1179 Marosticam

1197 1231 1198 1234 Ἴ
1227 1195 1260 1228 6<
1290 1193 1512 1241 Baxianum3
1533 1194 1563 1229 81
1588 1195 1752 1230 Ezelinus
1783 1207 1859 1240 prae
1883 1196 1987 1229 timo-

1198 1252 1199 1256 ’
1228 1257 1264 1279 re
1292 1244 1374 1279 fecit
1405 1256 1520 1292 pacem
1550 1257 1628 1279 cum
1657 1244 1706 1280 eis
1724 1269 1733 1283 ‚
1760 1245 1790 1279 δ(
1821 1244 1917 1279 dedit
1943 1242 1987 1279 fi-

1229 1294 1316 1329 lium
1355 1293 1451 1328 suum
1491 1307 1553 1341 pro
1587 1293 1703 1329 obfide
1741 1294 1801 1329 sub
1829 1293 1987 1329 ten‘orio

1231 1342 1412 1379 Potestatis
1440 1346 1621 1379 Veronae.
1650 1344 1801 1391 Ideoque
1831 1342 1988 1380 paduani

1229 1393 1418 1437 dixerunt,
1447 1393 1539 1440 quod
1577 1394 1642 1430 hoc
1672 1394 1843 1430 ceciderat
1870 1394 1918 1429 eis
1945 1393 1989 1430 ad

1230 1457 1375 1492 poenam
1392 1470 1401 1480 .
1429 1446 1475 1479 Et
1502 1445 1670 1480 Terixius
1700 1444 1904 1481 Veronensis
1931 1443 1986 1480 in-

1229 1494 1369 1530 terfecit
1396 1496 1574 1530 Comitem
1603 1497 1745 1530 Saurum
1774 1496 1815 1530 de
1847 1497 1988 1530 Verona

1197 1575 1199 1584 k
1229 1544 1327 1591 super
1362 1543 1526 1580 Mentem
1565 1545 1681 1580 Sanfi'ti
1719 1544 1917 1584 Bonifacii‚
1947 1543 1988 1582 &

1228 1595 1298 1630 ivit
1334 1595 1425 1630 ultra
1461 1607 1577 1635 mare.
1613 1596 1643 1630 δε
1678 1595 1786 1643 postea
1823 1595 1859 1631 in
1889 1598 1990 1642 Apu-

1228 1645 1333 1690 liam,
1370 1644 1431 1680 ubi
1469 1644 1653 1693 magnifice
1689 1646 1800 1681 stetit.
1838 1647 1885 1680 Et
1921 1644 1988 1680 fra-

1227 1704 1297 1731 tres
1329 1694 1432 1743 ipfius
1460 1696 1625 1739 Terixii,
1653 1696 1715 1743 qui
1751 1695 1990 1731 remanserunt

1228 1748 1388 1781 Veronae
1413 1769 1423 1785 ,
1469 1758 1547 1781 cum
1599 1745 1780 1781 heredibus
1830 1744 1990 1782 Comitis

1228 1795 1327 1831 Sauri
1370 1795 1525 1832 fecerunt
1568 1808 1709 1844 pacem,
1748 1800 1779 1830 &
1819 1796 1990 1832 dederunt

1227 1846 1277 1882 eis
1317 1848 1481 1882 Montem
1525 1846 1642 1883 Samsti
1684 1846 1860 1883 Bonifacii
1907 1858 1990 1883 cum

1229 1896 1297 1932 suis
1325 1896 1584 1944 poffeffionibus
1605 1897 1903 1934 circumstantibus
1926 1911 1990 1945 pro

1228 1947 1489 1984 emendatione.
1510 1950 1556 1983 Et
1585 1949 1798 1985 veronenses
1823 1958 1989 1998 ceperunt

1229 1997 1458 2033 ferrarienses
1485 1999 1573 2047 apud
1602 2001 1741 2036 Fratam
1767 1999 1987 2036 Fen-arienfis

1230 2047 1434 2084 Distri&us.

1520 2111 1534 2134 1
1571 2111 1585 2134 1
1619 2102 1639 2135 8
1668 2111 1703 2147 9.

1280 2147 1455 2184 Dominus
1500 2151 1699 2185 Gulieln·.us
1745 2149 1785 2186 de
1836 2150 1903 2186 Osa
1945 2150 1988 2187 de

1230 2199 1438 2235 Mediolano
1467 2200 1616 2235 Potestas
1649 2200 1802 2237 Paduae.
1831 2203 1884 2237 Eo
1905 2211 1991 2238 tem-

1230 2263 1311 2298 pore
1347 2250 1496 2285 incilum
1537 2250 1604 2286 fuit
1641 2264 1761 2288 nemus
1798 2253 1924 2294 Gadii,
1954 2253 1989 2288 &

1230 2300 1358 2336 fabium
1396 2299 1466 2335 fuit
1503 2301 1724 2350 Navigium,
1756 2317 1814 2349 per
1840 2305 1931 2351 quod
1961 2304 1990 2341 i-

1230 2361 1286 2386 tur
1314 2351 1362 2386 ad'
1385 2350 1704 2389 Montemfilicem.
1733 2356 1780 2390 Et
1808 2362 1891 2390 tunc
1920 2356 1990 2391 Im·

1232 2410 1368 2448 perator
1411 2401 1610 2438 fredericus
1652 2404 1723 2440 ivit
1768 2406 1858 2442 ultra
1896 2418 1990 2442 mare

1231 2465 1289 2500 per
1324 2460 1447 2486 terram
1485 2452 1522 2487 in
1560 2452 1703 2491 servitio
1740 2457 1921 2506 Sepulcri,
1951 2457 1990 2495 &

1198 2491 1205 2539 l
1229 2501 1324 2553 cepit
1354 2502 1575 2539 Ychonium.

1831 2571 1937 2605 1190.
