<?xml version="1.0" encoding="UTF-8"?>
<!DOCTYPE html PUBLIC "-//W3C//DTD XHTML 1.0 Transitional//EN"
    "http://www.w3.org/TR/xhtml1/DTD/xhtml1-transitional.dtd">
<html xmlns="http://www.w3.org/1999/xhtml" xml:lang="en" lang="en">
 <head>
  <title>
</title>
<meta http-equiv="Content-Type" content="text/html;charset=utf-8" />
  <meta name='ocr-system' content='tesseract 3.04.00' />
  <meta name='ocr-capabilities' content='ocr_page ocr_carea ocr_par ocr_line ocrx_word'/>
</head>
<body>
  <div class='ocr_page' id='page_1' title='image "antiquitatesital12mura_0110.png"; bbox 0 0 2237 3068; ppageno 0'>
   <div class='ocr_carea' id='block_1_1' title="bbox 365 227 1168 2596">
    <p class='ocr_par' dir='ltr' id='par_1_1' title="bbox 408 227 1168 462">
     <span class='ocr_line' id='line_1_1' title="bbox 467 227 545 272; baseline 0.013 -21"><span class='ocrx_word' id='word_1_1' title='bbox 467 227 545 272; x_wconf 65' lang='lat'>233</span> 
     </span>
     <span class='ocr_line' id='line_1_2' title="bbox 408 275 1168 322; baseline 0.005 -12"><span class='ocrx_word' id='word_1_2' title='bbox 408 283 481 317; x_wconf 80' lang='lat' dir='ltr'>tes,</span> <span class='ocrx_word' id='word_1_3' title='bbox 509 278 542 310; x_wconf 65' lang='grc' dir='ltr'>ὃς</span> <span class='ocrx_word' id='word_1_4' title='bbox 572 275 710 322; x_wconf 82' lang='lat' dir='ltr'>quando</span> <span class='ocrx_word' id='word_1_5' title='bbox 737 275 902 312; x_wconf 81' lang='lat' dir='ltr'>Ezelinus</span> <span class='ocrx_word' id='word_1_6' title='bbox 929 275 1079 314; x_wconf 82' lang='lat' dir='ltr'>intravit</span> <span class='ocrx_word' id='word_1_7' title='bbox 1105 280 1168 314; x_wconf 82' lang='lat' dir='ltr'>Pa-</span> 
     </span>
     <span class='ocr_line' id='line_1_3' title="bbox 411 325 1166 365; baseline 0.008 -6"><span class='ocrx_word' id='word_1_8' title='bbox 411 326 514 360; x_wconf 78' lang='lat' dir='ltr'>duam</span> <span class='ocrx_word' id='word_1_9' title='bbox 537 325 692 362; x_wconf 84' lang='lat' dir='ltr'>osculum</span> <span class='ocrx_word' id='word_1_10' title='bbox 715 325 811 360; x_wconf 86' lang='lat' dir='ltr'>dedit</span> <span class='ocrx_word' id='word_1_11' title='bbox 841 327 964 362; x_wconf 87' lang='lat' dir='ltr'>Portae</span> <span class='ocrx_word' id='word_1_12' title='bbox 984 328 1166 365; x_wconf 83' lang='lat' dir='ltr'>Turrixel-</span> 
     </span>
     <span class='ocr_line' id='line_1_4' title="bbox 410 375 1166 426; baseline 0.009 -16"><span class='ocrx_word' id='word_1_13' title='bbox 410 376 543 416; x_wconf 83' lang='lat' dir='ltr'>larum,</span> <span class='ocrx_word' id='word_1_14' title='bbox 571 378 604 411; x_wconf 80' lang='lat'>8&lt;</span> <span class='ocrx_word' id='word_1_15' title='bbox 642 384 754 426; x_wconf 83' lang='lat' dir='ltr'>grates</span> <span class='ocrx_word' id='word_1_16' title='bbox 790 375 887 417; x_wconf 84' lang='lat' dir='ltr'>dedit</span> <span class='ocrx_word' id='word_1_17' title='bbox 922 378 1062 417; x_wconf 82' lang='lat' dir='ltr'>comiti</span> <span class='ocrx_word' id='word_1_18' title='bbox 1097 382 1166 419; x_wconf 74' lang='lat' dir='ltr'>Ga-</span> 
     </span>
     <span class='ocr_line' id='line_1_5' title="bbox 410 426 557 462; baseline 0 0"><span class='ocrx_word' id='word_1_19' title='bbox 410 426 557 462; x_wconf 77' lang='lat' dir='ltr'>beardo.</span> 
     </span>
    </p>

    <p class='ocr_par' dir='ltr' id='par_1_2' title="bbox 699 483 881 528">
     <span class='ocr_line' id='line_1_6' title="bbox 699 483 881 528; baseline 0.016 -13"><span class='ocrx_word' id='word_1_20' title='bbox 699 491 714 515; x_wconf 93' lang='lat'>1</span> <span class='ocrx_word' id='word_1_21' title='bbox 748 492 767 515; x_wconf 92' lang='lat'><em>2</em></span> <span class='ocrx_word' id='word_1_22' title='bbox 798 492 816 528; x_wconf 86' lang='lat'>3</span> <span class='ocrx_word' id='word_1_23' title='bbox 849 483 881 518; x_wconf 88' lang='lat'>8.</span> 
     </span>
    </p>

    <p class='ocr_par' dir='ltr' id='par_1_3' title="bbox 404 528 1168 1624">
     <span class='ocr_line' id='line_1_7' title="bbox 459 528 1164 586; baseline 0.01 -25"><span class='ocrx_word' id='word_1_24' title='bbox 459 529 501 562; x_wconf 85' lang='lat' dir='ltr'>D.</span> <span class='ocrx_word' id='word_1_25' title='bbox 532 528 649 564; x_wconf 72' lang='lat' dir='ltr'>Simon</span> <span class='ocrx_word' id='word_1_26' title='bbox 679 532 850 567; x_wconf 74' lang='lat' dir='ltr'>Teatinus</span> <span class='ocrx_word' id='word_1_27' title='bbox 878 531 921 567; x_wconf 83' lang='lat' dir='ltr'>de</span> <span class='ocrx_word' id='word_1_28' title='bbox 947 531 1079 586; x_wconf 78' lang='lat' dir='ltr'>Apulia</span> <span class='ocrx_word' id='word_1_29' title='bbox 1101 534 1164 568; x_wconf 83' lang='grc' dir='ltr'>Ρο-</span> 
     </span>
     <span class='ocr_line' id='line_1_8' title="bbox 407 578 1151 629; baseline 0.009 -17"><span class='ocrx_word' id='word_1_30' title='bbox 407 578 504 613; x_wconf 76' lang='lat' dir='ltr'>testas</span> <span class='ocrx_word' id='word_1_31' title='bbox 536 580 669 616; x_wconf 69' lang='lat' dir='ltr'>paduae</span> <span class='ocrx_word' id='word_1_32' title='bbox 698 595 734 629; x_wconf 81' lang='lat' dir='ltr'>p</span> <span class='ocrx_word' id='word_1_33' title='bbox 737 595 758 616; x_wconf 80' lang='grc' dir='ltr'>ο</span> <span class='ocrx_word' id='word_1_34' title='bbox 799 585 891 629; x_wconf 75' lang='lat' dir='ltr'>{mep</span> <span class='ocrx_word' id='word_1_35' title='bbox 896 593 1008 618; x_wconf 76' lang='lat' dir='ltr'>ratore</span> <span class='ocrx_word' id='word_1_36' title='bbox 1044 584 1151 619; x_wconf 75' lang='lat' dir='ltr'>frede</span> 
     </span>
     <span class='ocr_line' id='line_1_9' title="bbox 405 630 1166 682; baseline 0.009 -19"><span class='ocrx_word' id='word_1_37' title='bbox 405 630 481 664; x_wconf 88' lang='lat' dir='ltr'>rico</span> <span class='ocrx_word' id='word_1_38' title='bbox 510 632 558 665; x_wconf 86' lang='lat' dir='ltr'>Se-</span> <span class='ocrx_word' id='word_1_39' title='bbox 556 631 685 670; x_wconf 78' lang='lat' dir='ltr'>:undo</span> <span class='ocrx_word' id='word_1_40' title='bbox 716 633 748 666; x_wconf 71' lang='lat'>8&lt;</span> <span class='ocrx_word' id='word_1_41' title='bbox 779 633 907 680; x_wconf 68' lang='lat' dir='ltr'>juraxit</span> <span class='ocrx_word' id='word_1_42' title='bbox 932 634 1088 682; x_wconf 81' lang='lat' dir='ltr'>regimen</span> <span class='ocrx_word' id='word_1_43' title='bbox 1111 635 1166 670; x_wconf 84' lang='lat' dir='ltr'>die</span> 
     </span>
     <span class='ocr_line' id='line_1_10' title="bbox 408 681 1167 733; baseline 0.009 -20"><span class='ocrx_word' id='word_1_44' title='bbox 408 681 492 715; x_wconf 69' lang='lat'>1121.</span> <span class='ocrx_word' id='word_1_45' title='bbox 522 692 670 717; x_wconf 83' lang='lat' dir='ltr'>exeurte</span> <span class='ocrx_word' id='word_1_46' title='bbox 700 684 907 720; x_wconf 67' lang='lat' dir='ltr'>februario.</span> <span class='ocrx_word' id='word_1_47' title='bbox 936 686 988 719; x_wconf 87' lang='lat' dir='ltr'>Eo</span> <span class='ocrx_word' id='word_1_48' title='bbox 1009 693 1167 733; x_wconf 79' lang='lat' dir='ltr'>tempore</span> 
     </span>
     <span class='ocr_line' id='line_1_11' title="bbox 406 731 1167 783; baseline 0.008 -18"><span class='ocrx_word' id='word_1_49' title='bbox 406 731 482 765; x_wconf 96' lang='lat' dir='ltr'>CC.</span> <span class='ocrx_word' id='word_1_50' title='bbox 527 731 667 767; x_wconf 85' lang='lat' dir='ltr'>Milites</span> <span class='ocrx_word' id='word_1_51' title='bbox 717 735 758 769; x_wconf 87' lang='grc' dir='ltr'><em>Ρ</em></span> <span class='ocrx_word' id='word_1_52' title='bbox 751 734 868 770; x_wconf 78' lang='lat' dir='ltr'>duani</span> <span class='ocrx_word' id='word_1_53' title='bbox 913 737 1021 783; x_wconf 79' lang='lat' dir='ltr'>capti</span> <span class='ocrx_word' id='word_1_54' title='bbox 1023 735 1082 771; x_wconf 81' lang='lat' dir='ltr'>ati</span> <span class='ocrx_word' id='word_1_55' title='bbox 1129 737 1167 771; x_wconf 88' lang='lat' dir='ltr'>in</span> 
     </span>
     <span class='ocr_line' id='line_1_12' title="bbox 405 781 1163 835; baseline 0.009 -20"><span class='ocrx_word' id='word_1_56' title='bbox 405 781 651 823; x_wconf 74' lang='lat' dir='ltr'>Mont:s11ice</span> <span class='ocrx_word' id='word_1_57' title='bbox 674 785 819 820; x_wconf 78' lang='lat' dir='ltr'>relaxari</span> <span class='ocrx_word' id='word_1_58' title='bbox 839 785 1002 835; x_wconf 77' lang='lat' dir='ltr'>fuerunt3</span> <span class='ocrx_word' id='word_1_59' title='bbox 1024 787 1056 821; x_wconf 84' lang='lat'>8&lt;</span> <span class='ocrx_word' id='word_1_60' title='bbox 1080 788 1163 822; x_wconf 87' lang='lat' dir='ltr'>Ter-</span> 
     </span>
     <span class='ocr_line' id='line_1_13' title="bbox 405 818 1166 872; baseline 0.011 -7"><span class='ocrx_word' id='word_1_61' title='bbox 405 831 523 867; x_wconf 72' lang='lat' dir='ltr'>vixini</span> <span class='ocrx_word' id='word_1_62' title='bbox 553 842 635 868; x_wconf 82' lang='lat' dir='ltr'>tunc</span> <span class='ocrx_word' id='word_1_63' title='bbox 664 837 695 869; x_wconf 74' lang='lat' dir='ltr'>ie</span> <span class='ocrx_word' id='word_1_64' title='bbox 723 836 753 869; x_wconf 73' lang='lat'>3&lt;</span> <span class='ocrx_word' id='word_1_65' title='bbox 785 834 840 870; x_wconf 91' lang='lat' dir='ltr'>sua</span> <span class='ocrx_word' id='word_1_66' title='bbox 868 818 1006 872; x_wconf 77' lang='lat' dir='ltr'>Albric&#39;i</span> <span class='ocrx_word' id='word_1_67' title='bbox 1035 837 1076 872; x_wconf 86' lang='lat' dir='ltr'>de</span> <span class='ocrx_word' id='word_1_68' title='bbox 1099 840 1166 872; x_wconf 83' lang='lat' dir='ltr'>Ro-</span> 
     </span>
     <span class='ocr_line' id='line_1_14' title="bbox 407 883 1167 936; baseline 0.011 -21"><span class='ocrx_word' id='word_1_69' title='bbox 407 893 512 917; x_wconf 79' lang='lat' dir='ltr'>mano</span> <span class='ocrx_word' id='word_1_70' title='bbox 544 883 713 920; x_wconf 66' lang='lat' dir='ltr'>Dominio</span> <span class='ocrx_word' id='word_1_71' title='bbox 741 885 989 936; x_wconf 78' lang='lat' dir='ltr'>subdiderunt,</span> <span class='ocrx_word' id='word_1_72' title='bbox 981 899 988 907; x_wconf 90' lang='lat'><strong>·</strong></span> <span class='ocrx_word' id='word_1_73' title='bbox 1016 892 1042 921; x_wconf 54' lang='grc' dir='ltr'>Κ</span> <span class='ocrx_word' id='word_1_74' title='bbox 1071 890 1167 923; x_wconf 81' lang='lat' dir='ltr'>Mar—</span> 
     </span>
     <span class='ocr_line' id='line_1_15' title="bbox 406 919 1167 985; baseline 0.011 -19"><span class='ocrx_word' id='word_1_75' title='bbox 406 932 488 968; x_wconf 83' lang='lat' dir='ltr'>chio</span> <span class='ocrx_word' id='word_1_76' title='bbox 525 933 566 968; x_wconf 88' lang='lat' dir='ltr'>de</span> <span class='ocrx_word' id='word_1_77' title='bbox 604 934 658 969; x_wconf 78' lang='lat' dir='ltr'>Est</span> <span class='ocrx_word' id='word_1_78' title='bbox 698 938 730 970; x_wconf 84' lang='lat' dir='ltr'>N</span> <span class='ocrx_word' id='word_1_79' title='bbox 748 947 798 971; x_wconf 78' lang='lat' dir='ltr'>nt</span> <span class='ocrx_word' id='word_1_80' title='bbox 805 937 846 971; x_wconf 67' lang='lat' dir='ltr'>iis</span> <span class='ocrx_word' id='word_1_81' title='bbox 884 919 1107 985; x_wconf 61' lang='lat' dir='ltr'>Impe&#39;ratoris</span> <span class='ocrx_word' id='word_1_82' title='bbox 1136 938 1167 974; x_wconf 87' lang='lat' dir='ltr'>se</span> 
     </span>
     <span class='ocr_line' id='line_1_16' title="bbox 405 982 1166 1033; baseline 0.009 -16"><span class='ocrx_word' id='word_1_83' title='bbox 405 982 587 1033; x_wconf 73' lang='lat' dir='ltr'>subjecit·</span> <span class='ocrx_word' id='word_1_84' title='bbox 639 990 666 1019; x_wconf 62' lang='grc' dir='ltr'>ὃ.</span> <span class='ocrx_word' id='word_1_85' title='bbox 718 989 758 1021; x_wconf 92' lang='lat' dir='ltr'>D.</span> <span class='ocrx_word' id='word_1_86' title='bbox 805 990 864 1030; x_wconf 70' lang='lat' dir='ltr'>Jor</span> <span class='ocrx_word' id='word_1_87' title='bbox 867 988 974 1024; x_wconf 74' lang='lat' dir='ltr'>danus</span> <span class='ocrx_word' id='word_1_88' title='bbox 1021 991 1166 1024; x_wconf 68' lang='lat' dir='ltr'>Forzate</span> 
     </span>
     <span class='ocr_line' id='line_1_17' title="bbox 406 1033 1165 1086; baseline 0.011 -19"><span class='ocrx_word' id='word_1_89' title='bbox 406 1033 508 1068; x_wconf 88' lang='lat' dir='ltr'>Prior</span> <span class='ocrx_word' id='word_1_90' title='bbox 537 1035 654 1070; x_wconf 74' lang='lat' dir='ltr'>Sanffi</span> <span class='ocrx_word' id='word_1_91' title='bbox 686 1037 865 1073; x_wconf 57' lang='lat' dir='ltr'>Benedicti</span> <span class='ocrx_word' id='word_1_92' title='bbox 893 1047 1012 1086; x_wconf 77' lang='lat' dir='ltr'>captus</span> <span class='ocrx_word' id='word_1_93' title='bbox 1041 1039 1105 1075; x_wconf 89' lang='lat' dir='ltr'>fuit</span> <span class='ocrx_word' id='word_1_94' title='bbox 1132 1041 1165 1075; x_wconf 85' lang='lat'>&amp;</span> 
     </span>
     <span class='ocr_line' id='line_1_18' title="bbox 406 1085 1164 1137; baseline 0.009 -19"><span class='ocrx_word' id='word_1_95' title='bbox 406 1085 583 1120; x_wconf 80' lang='lat' dir='ltr'>Saracenis</span> <span class='ocrx_word' id='word_1_96' title='bbox 612 1085 849 1123; x_wconf 84' lang='lat' dir='ltr'>custodiendus</span> <span class='ocrx_word' id='word_1_97' title='bbox 877 1089 976 1125; x_wconf 88' lang='lat' dir='ltr'>datus</span> <span class='ocrx_word' id='word_1_98' title='bbox 1005 1089 1049 1124; x_wconf 85' lang='lat' dir='ltr'>est</span> <span class='ocrx_word' id='word_1_99' title='bbox 1069 1117 1078 1134; x_wconf 90' lang='lat'>‚</span> <span class='ocrx_word' id='word_1_100' title='bbox 1105 1089 1164 1137; x_wconf 85' lang='lat' dir='ltr'>qui</span> 
     </span>
     <span class='ocr_line' id='line_1_19' title="bbox 406 1135 1168 1183; baseline 0.009 -14"><span class='ocrx_word' id='word_1_101' title='bbox 406 1135 449 1169; x_wconf 84' lang='lat' dir='ltr'>ab</span> <span class='ocrx_word' id='word_1_102' title='bbox 480 1136 691 1183; x_wconf 78' lang='lat' dir='ltr'>Imperatore</span> <span class='ocrx_word' id='word_1_103' title='bbox 719 1139 833 1174; x_wconf 77' lang='lat' dir='ltr'>relaxa</span> <span class='ocrx_word' id='word_1_104' title='bbox 819 1147 916 1182; x_wconf 81' lang='lat' dir='ltr'>tus,</span> <span class='ocrx_word' id='word_1_105' title='bbox 939 1138 975 1175; x_wconf 71' lang='grc' dir='ltr'>δί</span> <span class='ocrx_word' id='word_1_106' title='bbox 999 1140 1098 1176; x_wconf 88' lang='lat' dir='ltr'>datus</span> <span class='ocrx_word' id='word_1_107' title='bbox 1123 1139 1168 1175; x_wconf 85' lang='lat' dir='ltr'>est</span> 
     </span>
     <span class='ocr_line' id='line_1_20' title="bbox 405 1185 1165 1231; baseline 0.011 -12"><span class='ocrx_word' id='word_1_108' title='bbox 405 1185 629 1222; x_wconf 83' lang='lat' dir='ltr'>Patriarchae</span> <span class='ocrx_word' id='word_1_109' title='bbox 672 1189 872 1231; x_wconf 78' lang='lat' dir='ltr'>Bert01d0‚</span> <span class='ocrx_word' id='word_1_110' title='bbox 916 1191 950 1224; x_wconf 80' lang='lat'>8&lt;</span> <span class='ocrx_word' id='word_1_111' title='bbox 993 1189 1086 1226; x_wconf 82' lang='lat' dir='ltr'>stetit</span> <span class='ocrx_word' id='word_1_112' title='bbox 1128 1190 1165 1226; x_wconf 92' lang='lat' dir='ltr'>in</span> 
     </span>
     <span class='ocr_line' id='line_1_21' title="bbox 404 1235 1163 1293; baseline 0.009 -24"><span class='ocrx_word' id='word_1_113' title='bbox 404 1235 555 1293; x_wconf 77' lang='lat' dir='ltr'>quodam</span> <span class='ocrx_word' id='word_1_114' title='bbox 586 1238 798 1274; x_wconf 83' lang='lat' dir='ltr'>Monasterio</span> <span class='ocrx_word' id='word_1_115' title='bbox 826 1240 1045 1288; x_wconf 79' lang='lat' dir='ltr'>collocatus3</span> <span class='ocrx_word' id='word_1_116' title='bbox 1075 1241 1163 1276; x_wconf 82' lang='lat' dir='ltr'>dein-</span> 
     </span>
     <span class='ocr_line' id='line_1_22' title="bbox 404 1286 1165 1326; baseline 0.011 -8"><span class='ocrx_word' id='word_1_117' title='bbox 404 1288 447 1319; x_wconf 86' lang='lat' dir='ltr'>de</span> <span class='ocrx_word' id='word_1_118' title='bbox 476 1286 618 1321; x_wconf 85' lang='lat' dir='ltr'>veniens</span> <span class='ocrx_word' id='word_1_119' title='bbox 644 1289 809 1324; x_wconf 81' lang='lat' dir='ltr'>Venetias</span> <span class='ocrx_word' id='word_1_120' title='bbox 832 1289 882 1324; x_wconf 83' lang='lat' dir='ltr'>ibi</span> <span class='ocrx_word' id='word_1_121' title='bbox 903 1290 1082 1326; x_wconf 69' lang='lat' dir='ltr'>defunE’tus</span> <span class='ocrx_word' id='word_1_122' title='bbox 1102 1291 1165 1326; x_wconf 89' lang='lat' dir='ltr'>est.</span> 
     </span>
     <span class='ocr_line' id='line_1_23' title="bbox 404 1336 1165 1384; baseline 0.011 -16"><span class='ocrx_word' id='word_1_123' title='bbox 404 1336 453 1369; x_wconf 82' lang='lat' dir='ltr'>Et</span> <span class='ocrx_word' id='word_1_124' title='bbox 483 1336 657 1372; x_wconf 85' lang='lat' dir='ltr'>Arnaldus</span> <span class='ocrx_word' id='word_1_125' title='bbox 688 1340 805 1373; x_wconf 85' lang='lat' dir='ltr'>Abbas</span> <span class='ocrx_word' id='word_1_126' title='bbox 824 1338 979 1375; x_wconf 57' lang='lat' dir='ltr'>sanctae</span> <span class='ocrx_word' id='word_1_127' title='bbox 1016 1340 1165 1384; x_wconf 78' lang='lat' dir='ltr'>Jussinae</span> 
     </span>
     <span class='ocr_line' id='line_1_24' title="bbox 405 1385 1163 1438; baseline 0.008 -18"><span class='ocrx_word' id='word_1_128' title='bbox 405 1385 535 1421; x_wconf 82' lang='lat' dir='ltr'>timens</span> <span class='ocrx_word' id='word_1_129' title='bbox 564 1387 640 1436; x_wconf 87' lang='lat' dir='ltr'>capi</span> <span class='ocrx_word' id='word_1_130' title='bbox 669 1389 711 1423; x_wconf 86' lang='lat' dir='ltr'>ab</span> <span class='ocrx_word' id='word_1_131' title='bbox 740 1391 807 1424; x_wconf 75' lang='lat' dir='ltr'>Eze</span> <span class='ocrx_word' id='word_1_132' title='bbox 811 1389 887 1424; x_wconf 85' lang='lat' dir='ltr'>Iino</span> <span class='ocrx_word' id='word_1_133' title='bbox 915 1387 1028 1438; x_wconf 71' lang='lat' dir='ltr'>fugit,</span> <span class='ocrx_word' id='word_1_134' title='bbox 1056 1392 1088 1426; x_wconf 85' lang='lat'>&amp;</span> <span class='ocrx_word' id='word_1_135' title='bbox 1118 1392 1163 1426; x_wconf 86' lang='lat' dir='ltr'>la-</span> 
     </span>
     <span class='ocr_line' id='line_1_25' title="bbox 404 1436 1164 1488; baseline 0.009 -18"><span class='ocrx_word' id='word_1_136' title='bbox 404 1436 478 1472; x_wconf 77' lang='lat' dir='ltr'>tuit</span> <span class='ocrx_word' id='word_1_137' title='bbox 505 1436 610 1484; x_wconf 85' lang='lat' dir='ltr'>usque</span> <span class='ocrx_word' id='word_1_138' title='bbox 646 1438 687 1473; x_wconf 86' lang='lat' dir='ltr'>ad</span> <span class='ocrx_word' id='word_1_139' title='bbox 725 1440 914 1475; x_wconf 80' lang='lat' dir='ltr'>adventum</span> <span class='ocrx_word' id='word_1_140' title='bbox 941 1442 1164 1488; x_wconf 81' lang='lat' dir='ltr'>Imperatoris</span> 
     </span>
     <span class='ocr_line' id='line_1_26' title="bbox 405 1486 1162 1537; baseline 0.005 -15"><span class='ocrx_word' id='word_1_141' title='bbox 405 1486 442 1522; x_wconf 84' lang='lat' dir='ltr'>in</span> <span class='ocrx_word' id='word_1_142' title='bbox 481 1488 760 1533; x_wconf 62' lang='lat' dir='ltr'>Lombndiam,</span> <span class='ocrx_word' id='word_1_143' title='bbox 788 1490 828 1525; x_wconf 85' lang='lat' dir='ltr'>ad</span> <span class='ocrx_word' id='word_1_144' title='bbox 865 1503 968 1537; x_wconf 87' lang='lat' dir='ltr'>quem</span> <span class='ocrx_word' id='word_1_145' title='bbox 1005 1491 1096 1536; x_wconf 82' lang='lat' dir='ltr'>ivit,</span> <span class='ocrx_word' id='word_1_146' title='bbox 1130 1493 1162 1526; x_wconf 89' lang='lat'>&amp;</span> 
     </span>
     <span class='ocr_line' id='line_1_27' title="bbox 406 1537 1164 1589; baseline 0.009 -18"><span class='ocrx_word' id='word_1_147' title='bbox 406 1537 542 1573; x_wconf 87' lang='lat' dir='ltr'>duobus</span> <span class='ocrx_word' id='word_1_148' title='bbox 582 1537 760 1576; x_wconf 80' lang='lat' dir='ltr'>Menfibus</span> <span class='ocrx_word' id='word_1_149' title='bbox 795 1540 868 1589; x_wconf 74' lang='lat' dir='ltr'>ejus</span> <span class='ocrx_word' id='word_1_150' title='bbox 909 1540 1056 1577; x_wconf 86' lang='lat' dir='ltr'>Curiam</span> <span class='ocrx_word' id='word_1_151' title='bbox 1095 1541 1164 1578; x_wconf 85' lang='lat' dir='ltr'>fuit</span> 
     </span>
     <span class='ocr_line' id='line_1_28' title="bbox 405 1585 563 1625; baseline 0.015 -3"><span class='ocrx_word' id='word_1_152' title='bbox 405 1585 563 1625; x_wconf 85' lang='lat' dir='ltr'>secutus.</span> 
     </span>
    </p>

    <p class='ocr_par' dir='ltr' id='par_1_4' title="bbox 695 1653 866 1690">
     <span class='ocr_line' id='line_1_29' title="bbox 695 1653 866 1690; baseline 0.006 -1"><span class='ocrx_word' id='word_1_153' title='bbox 695 1653 712 1678; x_wconf 92' lang='lat'>1</span> <span class='ocrx_word' id='word_1_154' title='bbox 743 1653 764 1677; x_wconf 91' lang='lat'><em>2</em></span> <span class='ocrx_word' id='word_1_155' title='bbox 793 1654 813 1690; x_wconf 83' lang='lat'><em>3</em></span> <span class='ocrx_word' id='word_1_156' title='bbox 841 1654 866 1690; x_wconf 83' lang='lat'><em>9</em></span> 
     </span>
    </p>

    <p class='ocr_par' dir='ltr' id='par_1_5' title="bbox 391 1690 1163 2039">
     <span class='ocr_line' id='line_1_30' title="bbox 452 1690 1163 1729; baseline 0.007 -5"><span class='ocrx_word' id='word_1_157' title='bbox 452 1691 499 1725; x_wconf 90' lang='lat' dir='ltr'>D.</span> <span class='ocrx_word' id='word_1_158' title='bbox 546 1690 830 1728; x_wconf 77' lang='lat' dir='ltr'>Aldevrandinus</span> <span class='ocrx_word' id='word_1_159' title='bbox 875 1694 1076 1729; x_wconf 83' lang='lat' dir='ltr'>Cazaeonte</span> <span class='ocrx_word' id='word_1_160' title='bbox 1120 1691 1163 1729; x_wconf 87' lang='lat' dir='ltr'>de</span> 
     </span>
     <span class='ocr_line' id='line_1_31' title="bbox 402 1739 1162 1791; baseline 0.005 -17"><span class='ocrx_word' id='word_1_161' title='bbox 402 1739 502 1775; x_wconf 83' lang='lat' dir='ltr'>Senis</span> <span class='ocrx_word' id='word_1_162' title='bbox 542 1741 691 1777; x_wconf 84' lang='lat' dir='ltr'>Potestas</span> <span class='ocrx_word' id='word_1_163' title='bbox 730 1743 883 1778; x_wconf 85' lang='lat' dir='ltr'>Paduae.</span> <span class='ocrx_word' id='word_1_164' title='bbox 920 1745 973 1778; x_wconf 83' lang='lat' dir='ltr'>Eo</span> <span class='ocrx_word' id='word_1_165' title='bbox 1005 1752 1162 1791; x_wconf 85' lang='lat' dir='ltr'>tempore</span> 
     </span>
     <span class='ocr_line' id='line_1_32' title="bbox 401 1790 1163 1838; baseline 0.005 -13"><span class='ocrx_word' id='word_1_166' title='bbox 401 1790 598 1838; x_wconf 62' lang='lat' dir='ltr'>praedictus</span> <span class='ocrx_word' id='word_1_167' title='bbox 626 1805 743 1828; x_wconf 82' lang='lat' dir='ltr'>comes</span> <span class='ocrx_word' id='word_1_168' title='bbox 767 1793 970 1829; x_wconf 77' lang='lat' dir='ltr'>Gaboardus</span> <span class='ocrx_word' id='word_1_169' title='bbox 995 1794 1036 1829; x_wconf 88' lang='lat' dir='ltr'>de</span> <span class='ocrx_word' id='word_1_170' title='bbox 1057 1796 1163 1829; x_wconf 84' lang='lat' dir='ltr'>Saxo</span> 
     </span>
     <span class='ocr_line' id='line_1_33' title="bbox 400 1840 1161 1880; baseline 0.007 -6"><span class='ocrx_word' id='word_1_171' title='bbox 400 1840 461 1875; x_wconf 82' lang='lat' dir='ltr'>nia</span> <span class='ocrx_word' id='word_1_172' title='bbox 497 1841 649 1878; x_wconf 84' lang='lat' dir='ltr'>restituit</span> <span class='ocrx_word' id='word_1_173' title='bbox 681 1844 857 1879; x_wconf 85' lang='lat' dir='ltr'>Abbatem</span> <span class='ocrx_word' id='word_1_174' title='bbox 890 1844 1085 1880; x_wconf 85' lang='lat' dir='ltr'>Arnaldum</span> <span class='ocrx_word' id='word_1_175' title='bbox 1123 1844 1161 1879; x_wconf 88' lang='lat' dir='ltr'>in</span> 
     </span>
     <span class='ocr_line' id='line_1_34' title="bbox 399 1889 1161 1937; baseline 0.005 -11"><span class='ocrx_word' id='word_1_176' title='bbox 399 1889 460 1926; x_wconf 87' lang='lat' dir='ltr'>suo</span> <span class='ocrx_word' id='word_1_177' title='bbox 488 1890 725 1937; x_wconf 81' lang='lat' dir='ltr'>Monasterio‚</span> <span class='ocrx_word' id='word_1_178' title='bbox 751 1893 896 1930; x_wconf 84' lang='lat' dir='ltr'>remotis</span> <span class='ocrx_word' id='word_1_179' title='bbox 926 1894 1161 1930; x_wconf 76' lang='lat' dir='ltr'>procuratori-</span> 
     </span>
     <span class='ocr_line' id='line_1_35' title="bbox 399 1941 1160 1991; baseline 0.005 -15"><span class='ocrx_word' id='word_1_180' title='bbox 399 1941 462 1976; x_wconf 85' lang='lat' dir='ltr'>bus</span> <span class='ocrx_word' id='word_1_181' title='bbox 482 1942 533 1977; x_wconf 88' lang='lat' dir='ltr'>ibi</span> <span class='ocrx_word' id='word_1_182' title='bbox 563 1942 681 1990; x_wconf 80' lang='lat' dir='ltr'>positis</span> <span class='ocrx_word' id='word_1_183' title='bbox 709 1957 769 1991; x_wconf 87' lang='lat' dir='ltr'>per</span> <span class='ocrx_word' id='word_1_184' title='bbox 795 1946 1002 1980; x_wconf 72' lang='lat' dir='ltr'>Ezelinum.</span> <span class='ocrx_word' id='word_1_185' title='bbox 1027 1947 1074 1980; x_wconf 85' lang='lat' dir='ltr'>Et</span> <span class='ocrx_word' id='word_1_186' title='bbox 1094 1945 1160 1980; x_wconf 86' lang='lat' dir='ltr'>cir-</span> 
     </span>
     <span class='ocr_line' id='line_1_36' title="bbox 391 1993 1160 2044; baseline 0.005 -18"><span class='ocrx_word' id='word_1_187' title='bbox 391 2004 438 2039; x_wconf 28' lang='lat' dir='ltr'>‘ca</span> <span class='ocrx_word' id='word_1_188' title='bbox 467 1993 557 2028; x_wconf 83' lang='lat' dir='ltr'>medi</span> <span class='ocrx_word' id='word_1_189' title='bbox 547 2006 618 2028; x_wconf 66' lang='lat' dir='ltr'>”um</span> <span class='ocrx_word' id='word_1_190' title='bbox 649 1995 803 2031; x_wconf 86' lang='lat' dir='ltr'>Mensem</span> <span class='ocrx_word' id='word_1_191' title='bbox 840 1996 928 2039; x_wconf 75' lang='lat' dir='ltr'>Julii</span> <span class='ocrx_word' id='word_1_192' title='bbox 966 1998 1160 2044; x_wconf 73' lang='lat' dir='ltr'>Imperator</span> 
     </span>
    </p>

    <p class='ocr_par' dir='ltr' id='par_1_6' title="bbox 365 2042 1158 2596">
     <span class='ocr_line' id='line_1_37' title="bbox 400 2042 1156 2093; baseline 0.01 -18.239"><span class='ocrx_word' id='word_1_193' title='bbox 400 2042 500 2077; x_wconf 59' lang='lat' dir='ltr'>cabse-</span> <span class='ocrx_word' id='word_1_194' title='bbox 495 2043 535 2078; x_wconf 85' lang='lat' dir='ltr'>it</span> <span class='ocrx_word' id='word_1_195' title='bbox 585 2044 743 2080; x_wconf 78' lang='lat' dir='ltr'>Brixiam</span> <span class='ocrx_word' id='word_1_196' title='bbox 795 2046 900 2093; x_wconf 78' lang='lat' dir='ltr'>usque</span> <span class='ocrx_word' id='word_1_197' title='bbox 943 2059 1001 2092; x_wconf 88' lang='lat' dir='ltr'>per</span> <span class='ocrx_word' id='word_1_198' title='bbox 1042 2055 1156 2081; x_wconf 83' lang='lat' dir='ltr'>totum</span> 
     </span>
     <span class='ocr_line' id='line_1_38' title="bbox 397 2092 1158 2139; baseline 0.008 -13"><span class='ocrx_word' id='word_1_199' title='bbox 397 2092 555 2128; x_wconf 80' lang='lat' dir='ltr'>Mensem</span> <span class='ocrx_word' id='word_1_200' title='bbox 594 2097 633 2129; x_wconf 65' lang='lat' dir='ltr'>Se</span> <span class='ocrx_word' id='word_1_201' title='bbox 640 2096 829 2139; x_wconf 64' lang='lat' dir='ltr'>membris,</span> <span class='ocrx_word' id='word_1_202' title='bbox 855 2098 889 2131; x_wconf 75' lang='grc' dir='ltr'>δε</span> <span class='ocrx_word' id='word_1_203' title='bbox 927 2096 1076 2132; x_wconf 81' lang='lat' dir='ltr'>Civibus</span> <span class='ocrx_word' id='word_1_204' title='bbox 1105 2096 1158 2132; x_wconf 78' lang='lat' dir='ltr'>vi·</span> 
     </span>
     <span class='ocr_line' id='line_1_39' title="bbox 365 2141 1158 2182; baseline 0.006 -5"><span class='ocrx_word' id='word_1_205' title='bbox 365 2141 370 2146; x_wconf 65' lang='grc'><em>’</em></span> <span class='ocrx_word' id='word_1_206' title='bbox 397 2141 515 2178; x_wconf 66' lang='lat' dir='ltr'>riliter</span> <span class='ocrx_word' id='word_1_207' title='bbox 541 2143 573 2179; x_wconf 90' lang='lat' dir='ltr'>se</span> <span class='ocrx_word' id='word_1_208' title='bbox 600 2145 863 2182; x_wconf 70' lang='lat' dir='ltr'>defendentibus</span> <span class='ocrx_word' id='word_1_209' title='bbox 891 2146 1049 2182; x_wconf 84' lang='lat' dir='ltr'>confusus</span> <span class='ocrx_word' id='word_1_210' title='bbox 1076 2146 1158 2182; x_wconf 80' lang='lat' dir='ltr'>inde</span> 
     </span>
     <span class='ocr_line' id='line_1_40' title="bbox 396 2193 1157 2244; baseline 0.007 -16"><span class='ocrx_word' id='word_1_211' title='bbox 396 2193 531 2229; x_wconf 75' lang='lat' dir='ltr'>receffir</span> <span class='ocrx_word' id='word_1_212' title='bbox 555 2220 566 2229; x_wconf 84' lang='grc'><strong>.</strong></span> <span class='ocrx_word' id='word_1_213' title='bbox 607 2197 654 2230; x_wconf 78' lang='lat' dir='ltr'>Et</span> <span class='ocrx_word' id='word_1_214' title='bbox 697 2197 862 2233; x_wconf 83' lang='lat' dir='ltr'>Ezelinus</span> <span class='ocrx_word' id='word_1_215' title='bbox 903 2197 1024 2244; x_wconf 66' lang='lat' dir='ltr'>fugato</span> <span class='ocrx_word' id='word_1_216' title='bbox 1073 2207 1157 2233; x_wconf 87' lang='lat' dir='ltr'>tunc</span> 
     </span>
     <span class='ocr_line' id='line_1_41' title="bbox 397 2244 1155 2284; baseline 0.004 -4"><span class='ocrx_word' id='word_1_217' title='bbox 397 2244 607 2281; x_wconf 62' lang='lat' dir='ltr'>Mat-chione</span> <span class='ocrx_word' id='word_1_218' title='bbox 643 2246 685 2281; x_wconf 88' lang='lat' dir='ltr'>de</span> <span class='ocrx_word' id='word_1_219' title='bbox 721 2247 849 2284; x_wconf 87' lang='lat' dir='ltr'>finibus</span> <span class='ocrx_word' id='word_1_220' title='bbox 887 2246 1068 2283; x_wconf 72' lang='lat' dir='ltr'>Mat-chiae</span> <span class='ocrx_word' id='word_1_221' title='bbox 1095 2250 1155 2283; x_wconf 79' lang='lat' dir='ltr'>ob-</span> 
     </span>
     <span class='ocr_line' id='line_1_42' title="bbox 398 2296 1156 2345; baseline 0.001 -13"><span class='ocrx_word' id='word_1_222' title='bbox 398 2296 488 2332; x_wconf 76' lang='lat' dir='ltr'>sedit</span> <span class='ocrx_word' id='word_1_223' title='bbox 528 2297 651 2332; x_wconf 73' lang='lat' dir='ltr'>Monta</span> <span class='ocrx_word' id='word_1_224' title='bbox 638 2310 805 2344; x_wconf 86' lang='lat' dir='ltr'>gnanam</span> <span class='ocrx_word' id='word_1_225' title='bbox 832 2325 842 2340; x_wconf 87' lang='lat'><strong>‚</strong></span> <span class='ocrx_word' id='word_1_226' title='bbox 883 2311 986 2345; x_wconf 89' lang='lat' dir='ltr'>quam</span> <span class='ocrx_word' id='word_1_227' title='bbox 1030 2299 1156 2334; x_wconf 68' lang='lat' dir='ltr'>habete</span> 
     </span>
     <span class='ocr_line' id='line_1_43' title="bbox 396 2326 1155 2406; baseline 0.003 -25"><span class='ocrx_word' id='word_1_228' title='bbox 396 2359 469 2382; x_wconf 77' lang='lat' dir='ltr'>non</span> <span class='ocrx_word' id='word_1_229' title='bbox 504 2346 641 2395; x_wconf 87' lang='lat' dir='ltr'>potuit.</span> <span class='ocrx_word' id='word_1_230' title='bbox 657 2326 715 2383; x_wconf 50' lang='grc' dir='ltr'>ἰ,Εεῑ</span> <span class='ocrx_word' id='word_1_231' title='bbox 751 2349 857 2396; x_wconf 85' lang='lat' dir='ltr'>paulo</span> <span class='ocrx_word' id='word_1_232' title='bbox 892 2349 963 2406; x_wconf 74' lang='lat' dir='ltr'>post</span> <span class='ocrx_word' id='word_1_233' title='bbox 990 2348 1155 2384; x_wconf 85' lang='lat' dir='ltr'>Marchio</span> 
     </span>
     <span class='ocr_line' id='line_1_44' title="bbox 394 2397 1154 2446; baseline 0 -12"><span class='ocrx_word' id='word_1_234' title='bbox 394 2397 556 2434; x_wconf 70' lang='lat' dir='ltr'>resumtis</span> <span class='ocrx_word' id='word_1_235' title='bbox 600 2398 732 2434; x_wconf 80' lang='lat' dir='ltr'>viribus</span> <span class='ocrx_word' id='word_1_236' title='bbox 772 2399 960 2446; x_wconf 80' lang='lat' dir='ltr'>occupavit</span> <span class='ocrx_word' id='word_1_237' title='bbox 998 2399 1076 2439; x_wconf 82' lang='lat' dir='ltr'>Est,</span> <span class='ocrx_word' id='word_1_238' title='bbox 1118 2401 1154 2434; x_wconf 86' lang='lat'>&amp;</span> 
     </span>
     <span class='ocr_line' id='line_1_45' title="bbox 396 2447 1153 2498; baseline 0.003 -15"><span class='ocrx_word' id='word_1_239' title='bbox 396 2447 538 2484; x_wconf 81' lang='lat' dir='ltr'>fortiter</span> <span class='ocrx_word' id='word_1_240' title='bbox 565 2448 742 2498; x_wconf 78' lang='lat' dir='ltr'>munivit3</span> <span class='ocrx_word' id='word_1_241' title='bbox 773 2454 803 2483; x_wconf 84' lang='lat'>&amp;</span> <span class='ocrx_word' id='word_1_242' title='bbox 831 2463 923 2484; x_wconf 79' lang='lat' dir='ltr'>nunc</span> <span class='ocrx_word' id='word_1_243' title='bbox 949 2449 1075 2485; x_wconf 79' lang='lat' dir='ltr'>iterum</span> <span class='ocrx_word' id='word_1_244' title='bbox 1098 2464 1153 2485; x_wconf 74' lang='lat' dir='ltr'>xe-</span> 
     </span>
     <span class='ocr_line' id='line_1_46' title="bbox 396 2499 1152 2536; baseline 0.003 -2"><span class='ocrx_word' id='word_1_245' title='bbox 396 2500 452 2534; x_wconf 78' lang='lat' dir='ltr'>nit</span> <span class='ocrx_word' id='word_1_246' title='bbox 490 2499 639 2535; x_wconf 83' lang='lat' dir='ltr'>Paduam</span> <span class='ocrx_word' id='word_1_247' title='bbox 678 2510 809 2535; x_wconf 79' lang='lat' dir='ltr'>armata</span> <span class='ocrx_word' id='word_1_248' title='bbox 847 2513 949 2536; x_wconf 81' lang='lat' dir='ltr'>manu</span> <span class='ocrx_word' id='word_1_249' title='bbox 978 2513 1055 2535; x_wconf 86' lang='lat' dir='ltr'>cum</span> <span class='ocrx_word' id='word_1_250' title='bbox 1086 2500 1152 2536; x_wconf 82' lang='lat' dir='ltr'>suis</span> 
     </span>
     <span class='ocr_line' id='line_1_47' title="bbox 399 2549 1154 2596; baseline 0.003 -10"><span class='ocrx_word' id='word_1_251' title='bbox 399 2549 539 2587; x_wconf 84' lang='lat' dir='ltr'>Amicis</span> <span class='ocrx_word' id='word_1_252' title='bbox 565 2550 603 2588; x_wconf 90' lang='lat' dir='ltr'>in</span> <span class='ocrx_word' id='word_1_253' title='bbox 633 2551 876 2596; x_wconf 76' lang='lat' dir='ltr'>PratoVallis‚</span> <span class='ocrx_word' id='word_1_254' title='bbox 903 2550 958 2587; x_wconf 91' lang='lat' dir='ltr'>sed</span> <span class='ocrx_word' id='word_1_255' title='bbox 978 2550 1154 2588; x_wconf 76' lang='lat' dir='ltr'>inordina-</span> 
     </span>
    </p>
   </div>
   <div class='ocr_carea' id='block_1_2' title="bbox 814 221 1633 263">
    <p class='ocr_par' dir='ltr' id='par_1_7' title="bbox 814 221 1633 263">
     <span class='ocr_line' id='line_1_48' title="bbox 814 221 1633 263; baseline 0.004 -3"><span class='ocrx_word' id='word_1_256' title='bbox 814 221 1633 263; x_wconf 83' lang='lat' dir='ltr'>CHRONICON</span> 
     </span>
    </p>
   </div>
   <div class='ocr_carea' id='block_1_3' title="bbox 1897 239 1981 278">
    <p class='ocr_par' dir='ltr' id='par_1_8' title="bbox 1897 239 1981 278">
     <span class='ocr_line' id='line_1_49' title="bbox 1897 239 1981 278; baseline -0.012 -11"><span class='ocrx_word' id='word_1_257' title='bbox 1897 239 1981 278; x_wconf 85' lang='lat'>204</span> 
     </span>
    </p>
   </div>
   <div class='ocr_carea' id='block_1_4' title="bbox 1206 277 2036 332">
    <p class='ocr_par' dir='ltr' id='par_1_9' title="bbox 1206 277 2036 332">
     <span class='ocr_line' id='line_1_50' title="bbox 1206 277 2036 332; baseline 0.009 -20"><span class='ocrx_word' id='word_1_258' title='bbox 1206 283 1251 319; x_wconf 82' lang='lat' dir='ltr'>A</span> <span class='ocrx_word' id='word_1_259' title='bbox 1281 279 1316 313; x_wconf 74' lang='grc' dir='ltr'>τὲ</span> <span class='ocrx_word' id='word_1_260' title='bbox 1343 277 1494 315; x_wconf 83' lang='lat' dir='ltr'>reversus</span> <span class='ocrx_word' id='word_1_261' title='bbox 1532 279 1625 325; x_wconf 84' lang='lat' dir='ltr'>fuit,</span> <span class='ocrx_word' id='word_1_262' title='bbox 1652 278 1789 330; x_wconf 84' lang='lat' dir='ltr'>fugatus</span> <span class='ocrx_word' id='word_1_263' title='bbox 1825 295 1885 332; x_wconf 88' lang='lat' dir='ltr'>per</span> <span class='ocrx_word' id='word_1_264' title='bbox 1920 281 2036 319; x_wconf 80' lang='lat' dir='ltr'>Ezeli-</span> 
     </span>
    </p>
   </div>
   <div class='ocr_carea' id='block_1_5' title="bbox 1204 1186 1236 1222">
    <p class='ocr_par' dir='ltr' id='par_1_10' title="bbox 1204 1186 1236 1222">
     <span class='ocr_line' id='line_1_51' title="bbox 1204 1186 1236 1222; baseline 0 0"><span class='ocrx_word' id='word_1_265' title='bbox 1204 1186 1236 1222; x_wconf 87' lang='lat' dir='ltr'>C</span> 
     </span>
    </p>
   </div>
   <div class='ocr_carea' id='block_1_6' title="bbox 1206 2089 1231 2122">
    <p class='ocr_par' dir='ltr' id='par_1_11' title="bbox 1206 2089 1231 2122">
     <span class='ocr_line' id='line_1_52' title="bbox 1206 2089 1231 2122; textangle 90"><span class='ocrx_word' id='word_1_266' title='bbox 1206 2089 1231 2122; x_wconf 65' lang='grc' dir='ltr'><em>Μ</em></span> 
     </span>
    </p>
   </div>
   <div class='ocr_carea' id='block_1_7' title="bbox 1236 2479 1243 2591">
    <p class='ocr_par' dir='ltr' id='par_1_12' title="bbox 1236 2479 1243 2591">
     <span class='ocr_line' id='line_1_53' title="bbox 1236 2479 1243 2591; baseline 0 477"><span class='ocrx_word' id='word_1_267' title='bbox 1236 2479 1243 2591; x_wconf 95' lang='lat' dir='ltr'> </span> 
     </span>
    </p>
   </div>
   <div class='ocr_carea' id='block_1_8' title="bbox 1238 330 2037 2650">
    <p class='ocr_par' dir='ltr' id='par_1_13' title="bbox 1280 330 1751 430">
     <span class='ocr_line' id='line_1_54' title="bbox 1280 330 1644 367; baseline 0.009 -3"><span class='ocrx_word' id='word_1_268' title='bbox 1280 341 1363 365; x_wconf 86' lang='lat' dir='ltr'>num</span> <span class='ocrx_word' id='word_1_269' title='bbox 1391 330 1433 366; x_wconf 88' lang='lat' dir='ltr'>de</span> <span class='ocrx_word' id='word_1_270' title='bbox 1462 332 1644 367; x_wconf 83' lang='lat' dir='ltr'>Romano.</span> 
     </span>
     <span class='ocr_line' id='line_1_55' title="bbox 1571 395 1751 430; baseline 0.011 -12"><span class='ocrx_word' id='word_1_271' title='bbox 1571 395 1585 418; x_wconf 86' lang='lat'>1</span> <span class='ocrx_word' id='word_1_272' title='bbox 1619 395 1639 418; x_wconf 87' lang='lat'><em>2</em></span> <span class='ocrx_word' id='word_1_273' title='bbox 1665 396 1692 430; x_wconf 85' lang='lat'>4</span> <span class='ocrx_word' id='word_1_274' title='bbox 1716 397 1751 420; x_wconf 84' lang='grc' dir='ltr'>ο.</span> 
     </span>
    </p>

    <p class='ocr_par' dir='ltr' id='par_1_14' title="bbox 1279 432 2035 729">
     <span class='ocr_line' id='line_1_56' title="bbox 1331 432 2033 482; baseline 0.006 -15"><span class='ocrx_word' id='word_1_275' title='bbox 1331 434 1375 467; x_wconf 91' lang='lat' dir='ltr'>D.</span> <span class='ocrx_word' id='word_1_276' title='bbox 1402 432 1603 468; x_wconf 73' lang='lat' dir='ltr'>&#39;thebaldus</span> <span class='ocrx_word' id='word_1_277' title='bbox 1638 433 1835 470; x_wconf 81' lang='lat' dir='ltr'>Franciscus</span> <span class='ocrx_word' id='word_1_278' title='bbox 1866 435 1908 471; x_wconf 88' lang='lat' dir='ltr'>de</span> <span class='ocrx_word' id='word_1_279' title='bbox 1938 437 2033 482; x_wconf 78' lang='lat' dir='ltr'>Apu-</span> 
     </span>
     <span class='ocr_line' id='line_1_57' title="bbox 1279 482 2034 533; baseline 0.005 -16"><span class='ocrx_word' id='word_1_280' title='bbox 1279 482 1326 518; x_wconf 88' lang='lat' dir='ltr'>lia</span> <span class='ocrx_word' id='word_1_281' title='bbox 1356 482 1511 518; x_wconf 85' lang='lat' dir='ltr'>Potestas</span> <span class='ocrx_word' id='word_1_282' title='bbox 1539 484 1672 519; x_wconf 85' lang='lat' dir='ltr'>Paduae</span> <span class='ocrx_word' id='word_1_283' title='bbox 1699 497 1757 532; x_wconf 91' lang='lat' dir='ltr'>per</span> <span class='ocrx_word' id='word_1_284' title='bbox 1788 487 2034 533; x_wconf 80' lang='lat' dir='ltr'>Imperatorem</span> 
     </span>
     <span class='ocr_line' id='line_1_58' title="bbox 1279 532 2035 580; baseline 0.005 -12"><span class='ocrx_word' id='word_1_285' title='bbox 1279 532 1504 568; x_wconf 80' lang='lat' dir='ltr'>constitutus.</span> <span class='ocrx_word' id='word_1_286' title='bbox 1531 535 1623 569; x_wconf 88' lang='lat' dir='ltr'>Cum</span> <span class='ocrx_word' id='word_1_287' title='bbox 1656 536 1848 580; x_wconf 74' lang='lat' dir='ltr'>Imperator</span> <span class='ocrx_word' id='word_1_288' title='bbox 1877 536 2035 572; x_wconf 72' lang='lat' dir='ltr'>intrasset</span> 
     </span>
     <span class='ocr_line' id='line_1_59' title="bbox 1282 583 2035 628; baseline 0.004 -9"><span class='ocrx_word' id='word_1_289' title='bbox 1282 584 1430 619; x_wconf 81' lang='lat' dir='ltr'>Paduam</span> <span class='ocrx_word' id='word_1_290' title='bbox 1473 584 1514 619; x_wconf 85' lang='lat' dir='ltr'>de</span> <span class='ocrx_word' id='word_1_291' title='bbox 1557 583 1670 619; x_wconf 83' lang='lat' dir='ltr'>mense</span> <span class='ocrx_word' id='word_1_292' title='bbox 1708 585 1867 628; x_wconf 72' lang='lat' dir='ltr'>Januarii</span> <span class='ocrx_word' id='word_1_293' title='bbox 1902 587 1941 622; x_wconf 86' lang='lat' dir='ltr'>in</span> <span class='ocrx_word' id='word_1_294' title='bbox 1978 586 2035 622; x_wconf 86' lang='lat' dir='ltr'>die</span> 
     </span>
     <span class='ocr_line' id='line_1_60' title="bbox 1279 633 2034 680; baseline 0.004 -11"><span class='ocrx_word' id='word_1_295' title='bbox 1279 633 1523 669; x_wconf 74' lang='lat' dir='ltr'>Converfionis</span> <span class='ocrx_word' id='word_1_296' title='bbox 1562 634 1678 670; x_wconf 63' lang='lat' dir='ltr'>Sanffli</span> <span class='ocrx_word' id='word_1_297' title='bbox 1717 637 1845 680; x_wconf 81' lang='lat' dir='ltr'>Pauli,</span> <span class='ocrx_word' id='word_1_298' title='bbox 1876 636 1970 672; x_wconf 85' lang='lat' dir='ltr'>stetit</span> <span class='ocrx_word' id='word_1_299' title='bbox 1995 636 2034 672; x_wconf 86' lang='lat' dir='ltr'>in</span> 
     </span>
     <span class='ocr_line' id='line_1_61' title="bbox 1280 684 2035 729; baseline 0.003 -10"><span class='ocrx_word' id='word_1_300' title='bbox 1280 684 1493 720; x_wconf 81' lang='lat' dir='ltr'>Monasterio</span> <span class='ocrx_word' id='word_1_301' title='bbox 1521 684 1664 720; x_wconf 65' lang='lat' dir='ltr'>§anetae</span> <span class='ocrx_word' id='word_1_302' title='bbox 1691 686 1839 729; x_wconf 85' lang='lat' dir='ltr'>Justinae</span> <span class='ocrx_word' id='word_1_303' title='bbox 1865 700 1884 722; x_wconf 85' lang='lat' dir='ltr'>a</span> <span class='ocrx_word' id='word_1_304' title='bbox 1914 689 2035 722; x_wconf 84' lang='lat' dir='ltr'>Domi-</span> 
     </span>
    </p>

    <p class='ocr_par' dir='ltr' id='par_1_15' title="bbox 1247 735 2037 2395">
     <span class='ocr_line' id='line_1_62' title="bbox 1247 735 2035 784; baseline 0.003 -14"><span class='ocrx_word' id='word_1_305' title='bbox 1247 762 1249 774; x_wconf 27' lang='grc' dir='ltr'>ἴ</span> <span class='ocrx_word' id='word_1_306' title='bbox 1280 736 1357 771; x_wconf 84' lang='lat' dir='ltr'>nica</span> <span class='ocrx_word' id='word_1_307' title='bbox 1383 761 1519 771; x_wconf 86' lang='grc'><strong>.......</strong></span> <span class='ocrx_word' id='word_1_308' title='bbox 1547 735 1835 784; x_wconf 78' lang='lat' dir='ltr'>Quadragefimae</span> <span class='ocrx_word' id='word_1_309' title='bbox 1862 735 1966 783; x_wconf 85' lang='lat' dir='ltr'>usque</span> <span class='ocrx_word' id='word_1_310' title='bbox 1993 736 2035 772; x_wconf 86' lang='lat' dir='ltr'>ad</span> 
     </span>
     <span class='ocr_line' id='line_1_63' title="bbox 1279 785 2036 836; baseline 0.003 -16"><span class='ocrx_word' id='word_1_311' title='bbox 1279 785 1350 821; x_wconf 78' lang='lat' dir='ltr'>dies</span> <span class='ocrx_word' id='word_1_312' title='bbox 1391 788 1469 820; x_wconf 85' lang='lat' dir='ltr'>XV</span> <span class='ocrx_word' id='word_1_313' title='bbox 1507 787 1578 832; x_wconf 76' lang='lat' dir='ltr'>post</span> <span class='ocrx_word' id='word_1_314' title='bbox 1617 786 1770 836; x_wconf 84' lang='lat' dir='ltr'>Pascha3</span> <span class='ocrx_word' id='word_1_315' title='bbox 1799 786 1855 822; x_wconf 90' lang='lat' dir='ltr'>cui</span> <span class='ocrx_word' id='word_1_316' title='bbox 1896 788 1939 822; x_wconf 90' lang='lat' dir='ltr'>D.</span> <span class='ocrx_word' id='word_1_317' title='bbox 1968 788 2036 822; x_wconf 88' lang='lat' dir='ltr'>Ar-</span> 
     </span>
     <span class='ocr_line' id='line_1_64' title="bbox 1279 835 2036 885; baseline 0.001 -14"><span class='ocrx_word' id='word_1_318' title='bbox 1279 837 1401 872; x_wconf 85' lang='lat' dir='ltr'>naldus</span> <span class='ocrx_word' id='word_1_319' title='bbox 1429 837 1570 884; x_wconf 79' lang='lat' dir='ltr'>pulchra</span> <span class='ocrx_word' id='word_1_320' title='bbox 1599 836 1636 873; x_wconf 87' lang='lat'>&amp;</span> <span class='ocrx_word' id='word_1_321' title='bbox 1666 850 1788 885; x_wconf 83' lang='lat' dir='ltr'>magna</span> <span class='ocrx_word' id='word_1_322' title='bbox 1815 839 1905 873; x_wconf 86' lang='lat' dir='ltr'>dona</span> <span class='ocrx_word' id='word_1_323' title='bbox 1930 835 2036 877; x_wconf 85' lang='lat' dir='ltr'>fecit,</span> 
     </span>
     <span class='ocr_line' id='line_1_65' title="bbox 1277 887 2037 936; baseline 0.001 -15"><span class='ocrx_word' id='word_1_324' title='bbox 1277 888 1311 921; x_wconf 87' lang='lat'>&amp;</span> <span class='ocrx_word' id='word_1_325' title='bbox 1339 887 1446 922; x_wconf 74' lang='lat' dir='ltr'>eiiam</span> <span class='ocrx_word' id='word_1_326' title='bbox 1479 889 1580 922; x_wconf 75' lang='lat' dir='ltr'>Petro</span> <span class='ocrx_word' id='word_1_327' title='bbox 1608 888 1648 922; x_wconf 91' lang='lat' dir='ltr'>de</span> <span class='ocrx_word' id='word_1_328' title='bbox 1676 888 1709 923; x_wconf 87' lang='lat' dir='ltr'>la</span> <span class='ocrx_word' id='word_1_329' title='bbox 1738 890 1875 936; x_wconf 87' lang='lat' dir='ltr'>Vigna,</span> <span class='ocrx_word' id='word_1_330' title='bbox 1899 888 1933 923; x_wconf 71' lang='grc' dir='ltr'>δι</span> <span class='ocrx_word' id='word_1_331' title='bbox 1961 887 2037 923; x_wconf 82' lang='lat' dir='ltr'>aliis</span> 
     </span>
     <span class='ocr_line' id='line_1_66' title="bbox 1280 937 2036 985; baseline 0.001 -12"><span class='ocrx_word' id='word_1_332' title='bbox 1280 937 1482 973; x_wconf 84' lang='lat' dir='ltr'>Proceribus</span> <span class='ocrx_word' id='word_1_333' title='bbox 1511 939 1733 985; x_wconf 82' lang='lat' dir='ltr'>Imperatoris</span> <span class='ocrx_word' id='word_1_334' title='bbox 1769 938 1896 974; x_wconf 78' lang='lat' dir='ltr'>exenia</span> <span class='ocrx_word' id='word_1_335' title='bbox 1928 938 2036 974; x_wconf 85' lang='lat' dir='ltr'>dona-</span> 
     </span>
     <span class='ocr_line' id='line_1_67' title="bbox 1279 988 2036 1037; baseline 0.003 -15"><span class='ocrx_word' id='word_1_336' title='bbox 1279 988 1355 1037; x_wconf 83' lang='lat' dir='ltr'>vit3</span> <span class='ocrx_word' id='word_1_337' title='bbox 1395 988 1431 1024; x_wconf 87' lang='lat'>&amp;</span> <span class='ocrx_word' id='word_1_338' title='bbox 1474 989 1734 1034; x_wconf 86' lang='lat' dir='ltr'>Imperatricem</span> <span class='ocrx_word' id='word_1_339' title='bbox 1777 988 1891 1024; x_wconf 80' lang='lat' dir='ltr'>filiam</span> <span class='ocrx_word' id='word_1_340' title='bbox 1931 989 2036 1037; x_wconf 85' lang='lat' dir='ltr'>Regis</span> 
     </span>
     <span class='ocr_line' id='line_1_68' title="bbox 1281 1037 2037 1087; baseline 0.003 -14"><span class='ocrx_word' id='word_1_341' title='bbox 1281 1037 1434 1087; x_wconf 83' lang='lat' dir='ltr'>Angliae</span> <span class='ocrx_word' id='word_1_342' title='bbox 1461 1052 1539 1074; x_wconf 89' lang='lat' dir='ltr'>cum</span> <span class='ocrx_word' id='word_1_343' title='bbox 1568 1038 1625 1074; x_wconf 84' lang='lat' dir='ltr'>sua</span> <span class='ocrx_word' id='word_1_344' title='bbox 1661 1039 1770 1075; x_wconf 80' lang='lat' dir='ltr'>Curia</span> <span class='ocrx_word' id='word_1_345' title='bbox 1800 1042 1960 1075; x_wconf 68' lang='lat' dir='ltr'>NoEntae</span> <span class='ocrx_word' id='word_1_346' title='bbox 1986 1052 2037 1075; x_wconf 88' lang='lat' dir='ltr'>re-</span> 
     </span>
     <span class='ocr_line' id='line_1_69' title="bbox 1278 1088 2034 1138; baseline 0.001 -14"><span class='ocrx_word' id='word_1_347' title='bbox 1278 1088 1439 1125; x_wconf 82' lang='lat' dir='ltr'>fidentem</span> <span class='ocrx_word' id='word_1_348' title='bbox 1456 1117 1466 1133; x_wconf 81' lang='lat'>,</span> <span class='ocrx_word' id='word_1_349' title='bbox 1494 1089 1645 1138; x_wconf 78' lang='lat' dir='ltr'>pulchris</span> <span class='ocrx_word' id='word_1_350' title='bbox 1673 1089 1861 1125; x_wconf 86' lang='lat' dir='ltr'>honoravit</span> <span class='ocrx_word' id='word_1_351' title='bbox 1885 1092 2034 1125; x_wconf 81' lang='lat' dir='ltr'>exeniis.</span> 
     </span>
     <span class='ocr_line' id='line_1_70' title="bbox 1277 1139 2034 1188; baseline 0 -13"><span class='ocrx_word' id='word_1_352' title='bbox 1277 1139 1381 1175; x_wconf 74' lang='lat' dir='ltr'>Erin</span> <span class='ocrx_word' id='word_1_353' title='bbox 1409 1139 1598 1176; x_wconf 86' lang='lat' dir='ltr'>Dominica</span> <span class='ocrx_word' id='word_1_354' title='bbox 1622 1139 1806 1176; x_wconf 81' lang='lat' dir='ltr'>olivarum</span> <span class='ocrx_word' id='word_1_355' title='bbox 1837 1141 1928 1188; x_wconf 86' lang='lat' dir='ltr'>Papa</span> <span class='ocrx_word' id='word_1_356' title='bbox 1947 1141 2034 1175; x_wconf 80' lang='lat' dir='ltr'>Gre-</span> 
     </span>
     <span class='ocr_line' id='line_1_71' title="bbox 1277 1189 2033 1239; baseline 0 -14"><span class='ocrx_word' id='word_1_357' title='bbox 1277 1190 1396 1239; x_wconf 81' lang='lat' dir='ltr'>gorius</span> <span class='ocrx_word' id='word_1_358' title='bbox 1433 1190 1571 1238; x_wconf 86' lang='lat' dir='ltr'>publice</span> <span class='ocrx_word' id='word_1_359' title='bbox 1607 1189 1926 1226; x_wconf 84' lang='lat' dir='ltr'>excommunicavit</span> <span class='ocrx_word' id='word_1_360' title='bbox 1964 1192 2033 1225; x_wconf 89' lang='lat' dir='ltr'>Im·</span> 
     </span>
     <span class='ocr_line' id='line_1_72' title="bbox 1279 1243 2034 1289; baseline 0 -13"><span class='ocrx_word' id='word_1_361' title='bbox 1279 1250 1491 1289; x_wconf 84' lang='lat' dir='ltr'>peratorem.</span> <span class='ocrx_word' id='word_1_362' title='bbox 1520 1243 1637 1286; x_wconf 84' lang='lat' dir='ltr'>Quare</span> <span class='ocrx_word' id='word_1_363' title='bbox 1675 1243 1869 1289; x_wconf 82' lang='lat' dir='ltr'>Imperator</span> <span class='ocrx_word' id='word_1_364' title='bbox 1904 1252 2034 1276; x_wconf 88' lang='lat' dir='ltr'>convo-</span> 
     </span>
     <span class='ocr_line' id='line_1_73' title="bbox 1277 1291 2034 1327; baseline 0.003 -2"><span class='ocrx_word' id='word_1_365' title='bbox 1277 1299 1353 1326; x_wconf 85' lang='lat' dir='ltr'>cata</span> <span class='ocrx_word' id='word_1_366' title='bbox 1395 1291 1565 1326; x_wconf 87' lang='lat' dir='ltr'>concione</span> <span class='ocrx_word' id='word_1_367' title='bbox 1607 1291 1644 1326; x_wconf 89' lang='lat' dir='ltr'>in</span> <span class='ocrx_word' id='word_1_368' title='bbox 1689 1291 1827 1327; x_wconf 86' lang='lat' dir='ltr'>Palatio</span> <span class='ocrx_word' id='word_1_369' title='bbox 1871 1291 2034 1327; x_wconf 81' lang='lat' dir='ltr'>Paduano</span> 
     </span>
     <span class='ocr_line' id='line_1_74' title="bbox 1278 1340 2033 1389; baseline 0.001 -14"><span class='ocrx_word' id='word_1_370' title='bbox 1278 1354 1335 1389; x_wconf 81' lang='lat' dir='ltr'>per</span> <span class='ocrx_word' id='word_1_371' title='bbox 1361 1353 1399 1375; x_wconf 84' lang='lat' dir='ltr'>os</span> <span class='ocrx_word' id='word_1_372' title='bbox 1429 1340 1523 1375; x_wconf 71' lang='lat' dir='ltr'>Petri</span> <span class='ocrx_word' id='word_1_373' title='bbox 1548 1341 1588 1376; x_wconf 88' lang='lat' dir='ltr'>de</span> <span class='ocrx_word' id='word_1_374' title='bbox 1617 1340 1731 1376; x_wconf 87' lang='lat' dir='ltr'>Vinea</span> <span class='ocrx_word' id='word_1_375' title='bbox 1751 1342 1926 1388; x_wconf 81' lang='lat' dir='ltr'>querelam</span> <span class='ocrx_word' id='word_1_376' title='bbox 1948 1340 2033 1376; x_wconf 83' lang='lat' dir='ltr'>fecit</span> 
     </span>
     <span class='ocr_line' id='line_1_75' title="bbox 1276 1390 2032 1438; baseline 0.001 -13"><span class='ocrx_word' id='word_1_377' title='bbox 1276 1391 1318 1426; x_wconf 84' lang='lat' dir='ltr'>de</span> <span class='ocrx_word' id='word_1_378' title='bbox 1353 1390 1494 1426; x_wconf 80' lang='lat' dir='ltr'>saevitie</span> <span class='ocrx_word' id='word_1_379' title='bbox 1532 1392 1663 1438; x_wconf 82' lang='lat' dir='ltr'>Papae.</span> <span class='ocrx_word' id='word_1_380' title='bbox 1691 1393 1738 1426; x_wconf 82' lang='lat' dir='ltr'>Et</span> <span class='ocrx_word' id='word_1_381' title='bbox 1773 1392 1959 1426; x_wconf 81' lang='lat' dir='ltr'>Guecellus</span> <span class='ocrx_word' id='word_1_382' title='bbox 1991 1391 2032 1427; x_wconf 89' lang='lat' dir='ltr'>de</span> 
     </span>
     <span class='ocr_line' id='line_1_76' title="bbox 1276 1439 2032 1480; baseline 0.001 -4"><span class='ocrx_word' id='word_1_383' title='bbox 1276 1439 1462 1480; x_wconf 86' lang='lat' dir='ltr'>Camino,</span> <span class='ocrx_word' id='word_1_384' title='bbox 1502 1441 1535 1479; x_wconf 76' lang='grc' dir='ltr'>δε</span> <span class='ocrx_word' id='word_1_385' title='bbox 1580 1441 1747 1477; x_wconf 84' lang='lat' dir='ltr'>Albricus</span> <span class='ocrx_word' id='word_1_386' title='bbox 1787 1441 1828 1477; x_wconf 91' lang='lat' dir='ltr'>de</span> <span class='ocrx_word' id='word_1_387' title='bbox 1875 1443 2032 1477; x_wconf 84' lang='lat' dir='ltr'>Romano</span> 
     </span>
     <span class='ocr_line' id='line_1_77' title="bbox 1276 1491 2033 1537; baseline 0.001 -10"><span class='ocrx_word' id='word_1_388' title='bbox 1276 1491 1512 1527; x_wconf 83' lang='lat' dir='ltr'>confoederati</span> <span class='ocrx_word' id='word_1_389' title='bbox 1539 1492 1753 1528; x_wconf 78' lang='lat' dir='ltr'>Tervixium</span> <span class='ocrx_word' id='word_1_390' title='bbox 1782 1492 2005 1528; x_wconf 83' lang='lat' dir='ltr'>intraverunt</span> <span class='ocrx_word' id='word_1_391' title='bbox 2022 1519 2033 1537; x_wconf 90' lang='lat'>,</span> 
     </span>
     <span class='ocr_line' id='line_1_78' title="bbox 1275 1541 2036 1589; baseline 0 -12"><span class='ocrx_word' id='word_1_392' title='bbox 1275 1542 1418 1589; x_wconf 86' lang='lat' dir='ltr'>expulso</span> <span class='ocrx_word' id='word_1_393' title='bbox 1445 1542 1574 1585; x_wconf 73' lang='lat' dir='ltr'>Jacobo</span> <span class='ocrx_word' id='word_1_394' title='bbox 1595 1542 1636 1578; x_wconf 91' lang='lat' dir='ltr'>de</span> <span class='ocrx_word' id='word_1_395' title='bbox 1663 1545 1789 1586; x_wconf 88' lang='lat' dir='ltr'>Mota,</span> <span class='ocrx_word' id='word_1_396' title='bbox 1816 1542 1867 1578; x_wconf 89' lang='lat' dir='ltr'>ibi</span> <span class='ocrx_word' id='word_1_397' title='bbox 1889 1541 2036 1578; x_wconf 82' lang='lat' dir='ltr'>refiden—</span> 
     </span>
     <span class='ocr_line' id='line_1_79' title="bbox 1275 1594 2031 1640; baseline 0 -13"><span class='ocrx_word' id='word_1_398' title='bbox 1275 1600 1310 1627; x_wconf 89' lang='lat' dir='ltr'>te</span> <span class='ocrx_word' id='word_1_399' title='bbox 1338 1605 1399 1640; x_wconf 87' lang='lat' dir='ltr'>pro</span> <span class='ocrx_word' id='word_1_400' title='bbox 1436 1594 1673 1639; x_wconf 83' lang='lat' dir='ltr'>Imperatore.</span> <span class='ocrx_word' id='word_1_401' title='bbox 1705 1594 1899 1638; x_wconf 79' lang='lat' dir='ltr'>Imperator</span> <span class='ocrx_word' id='word_1_402' title='bbox 1933 1605 2031 1627; x_wconf 87' lang='lat' dir='ltr'>nam-</span> 
     </span>
     <span class='ocr_line' id='line_1_80' title="bbox 1275 1641 2030 1689; baseline 0 -12"><span class='ocrx_word' id='word_1_403' title='bbox 1275 1655 1342 1688; x_wconf 88' lang='lat' dir='ltr'>que</span> <span class='ocrx_word' id='word_1_404' title='bbox 1382 1642 1523 1689; x_wconf 82' lang='lat' dir='ltr'>sequens</span> <span class='ocrx_word' id='word_1_405' title='bbox 1564 1642 1601 1678; x_wconf 85' lang='lat' dir='ltr'>in</span> <span class='ocrx_word' id='word_1_406' title='bbox 1645 1643 1809 1678; x_wconf 87' lang='lat' dir='ltr'>omnibus</span> <span class='ocrx_word' id='word_1_407' title='bbox 1851 1641 2030 1677; x_wconf 86' lang='lat' dir='ltr'>confilium</span> 
     </span>
     <span class='ocr_line' id='line_1_81' title="bbox 1276 1692 2030 1734; baseline 0.001 -7"><span class='ocrx_word' id='word_1_408' title='bbox 1276 1692 1438 1734; x_wconf 84' lang='lat' dir='ltr'>Ezelini,</span> <span class='ocrx_word' id='word_1_409' title='bbox 1466 1693 1669 1728; x_wconf 86' lang='lat' dir='ltr'>Marchioni</span> <span class='ocrx_word' id='word_1_410' title='bbox 1697 1694 1729 1727; x_wconf 82' lang='lat'>8&lt;</span> <span class='ocrx_word' id='word_1_411' title='bbox 1759 1692 1836 1728; x_wconf 82' lang='lat' dir='ltr'>aliis</span> <span class='ocrx_word' id='word_1_412' title='bbox 1876 1693 2030 1729; x_wconf 83' lang='lat' dir='ltr'>Proceri-</span> 
     </span>
     <span class='ocr_line' id='line_1_82' title="bbox 1276 1741 2030 1791; baseline 0.001 -14"><span class='ocrx_word' id='word_1_413' title='bbox 1276 1744 1336 1778; x_wconf 85' lang='lat' dir='ltr'>bus</span> <span class='ocrx_word' id='word_1_414' title='bbox 1364 1741 1494 1789; x_wconf 77' lang='lat' dir='ltr'>semper</span> <span class='ocrx_word' id='word_1_415' title='bbox 1521 1744 1611 1778; x_wconf 87' lang='lat' dir='ltr'>bona</span> <span class='ocrx_word' id='word_1_416' title='bbox 1639 1745 1886 1791; x_wconf 83' lang='lat' dir='ltr'>promittebat,</span> <span class='ocrx_word' id='word_1_417' title='bbox 1913 1752 2030 1778; x_wconf 82' lang='lat' dir='ltr'>tamen</span> 
     </span>
     <span class='ocr_line' id='line_1_83' title="bbox 1275 1793 2030 1830; baseline 0 -2"><span class='ocrx_word' id='word_1_418' title='bbox 1275 1793 1323 1829; x_wconf 89' lang='lat' dir='ltr'>eis</span> <span class='ocrx_word' id='word_1_419' title='bbox 1360 1794 1449 1829; x_wconf 88' lang='lat' dir='ltr'>male</span> <span class='ocrx_word' id='word_1_420' title='bbox 1487 1793 1664 1830; x_wconf 73' lang='lat' dir='ltr'>faciendo.</span> <span class='ocrx_word' id='word_1_421' title='bbox 1695 1796 1784 1829; x_wconf 84' lang='lat' dir='ltr'>Nam</span> <span class='ocrx_word' id='word_1_422' title='bbox 1820 1793 1912 1829; x_wconf 86' lang='lat' dir='ltr'>inter</span> <span class='ocrx_word' id='word_1_423' title='bbox 1942 1795 2030 1828; x_wconf 80' lang='lat' dir='ltr'>alios</span> 
     </span>
     <span class='ocr_line' id='line_1_84' title="bbox 1274 1843 2030 1890; baseline 0.001 -12"><span class='ocrx_word' id='word_1_424' title='bbox 1274 1843 1405 1879; x_wconf 86' lang='lat' dir='ltr'>obfides</span> <span class='ocrx_word' id='word_1_425' title='bbox 1432 1854 1592 1890; x_wconf 85' lang='lat' dir='ltr'>acceptos</span> <span class='ocrx_word' id='word_1_426' title='bbox 1611 1845 1651 1879; x_wconf 89' lang='lat' dir='ltr'>de</span> <span class='ocrx_word' id='word_1_427' title='bbox 1673 1846 1788 1880; x_wconf 85' lang='lat' dir='ltr'>Padua</span> <span class='ocrx_word' id='word_1_428' title='bbox 1811 1844 2030 1890; x_wconf 84' lang='lat' dir='ltr'>Raynaldum</span> 
     </span>
     <span class='ocr_line' id='line_1_85' title="bbox 1275 1893 2030 1931; baseline 0.001 -2"><span class='ocrx_word' id='word_1_429' title='bbox 1275 1894 1414 1930; x_wconf 86' lang='lat' dir='ltr'>unicum</span> <span class='ocrx_word' id='word_1_430' title='bbox 1446 1893 1558 1930; x_wconf 86' lang='lat' dir='ltr'>filium</span> <span class='ocrx_word' id='word_1_431' title='bbox 1595 1895 1814 1931; x_wconf 83' lang='lat' dir='ltr'>Marchionis</span> <span class='ocrx_word' id='word_1_432' title='bbox 1851 1894 1967 1930; x_wconf 81' lang='lat' dir='ltr'>mittit</span> <span class='ocrx_word' id='word_1_433' title='bbox 1992 1894 2030 1930; x_wconf 91' lang='lat' dir='ltr'>in</span> 
     </span>
     <span class='ocr_line' id='line_1_86' title="bbox 1275 1945 2030 1992; baseline 0 -12"><span class='ocrx_word' id='word_1_434' title='bbox 1275 1946 1467 1992; x_wconf 79' lang='lat' dir='ltr'>Apuliam,</span> <span class='ocrx_word' id='word_1_435' title='bbox 1496 1950 1527 1980; x_wconf 68' lang='grc' dir='ltr'>δε</span> <span class='ocrx_word' id='word_1_436' title='bbox 1565 1947 1765 1981; x_wconf 84' lang='lat' dir='ltr'>Adeleitam</span> <span class='ocrx_word' id='word_1_437' title='bbox 1805 1945 1916 1981; x_wconf 85' lang='lat' dir='ltr'>filiam</span> <span class='ocrx_word' id='word_1_438' title='bbox 1953 1945 2030 1981; x_wconf 88' lang='lat' dir='ltr'>uni-</span> 
     </span>
     <span class='ocr_line' id='line_1_87' title="bbox 1275 1995 2029 2042; baseline 0 -12"><span class='ocrx_word' id='word_1_439' title='bbox 1275 2008 1349 2030; x_wconf 89' lang='lat' dir='ltr'>cam</span> <span class='ocrx_word' id='word_1_440' title='bbox 1379 1995 1521 2032; x_wconf 79' lang='lat' dir='ltr'>Albrici</span> <span class='ocrx_word' id='word_1_441' title='bbox 1556 1996 1598 2031; x_wconf 85' lang='lat' dir='ltr'>de</span> <span class='ocrx_word' id='word_1_442' title='bbox 1638 1999 1818 2039; x_wconf 82' lang='lat' dir='ltr'>Romano,</span> <span class='ocrx_word' id='word_1_443' title='bbox 1847 2008 1934 2042; x_wconf 84' lang='lat' dir='ltr'>quae</span> <span class='ocrx_word' id='word_1_444' title='bbox 1961 2008 2029 2030; x_wconf 87' lang='lat' dir='ltr'>ma-</span> 
     </span>
     <span class='ocr_line' id='line_1_88' title="bbox 1275 2045 2026 2082; baseline 0 -2"><span class='ocrx_word' id='word_1_445' title='bbox 1275 2046 1482 2081; x_wconf 80' lang='lat' dir='ltr'>trimonium</span> <span class='ocrx_word' id='word_1_446' title='bbox 1535 2056 1753 2082; x_wconf 78' lang='lat' dir='ltr'>contraxerat</span> <span class='ocrx_word' id='word_1_447' title='bbox 1807 2059 1883 2080; x_wconf 89' lang='lat' dir='ltr'>cum</span> <span class='ocrx_word' id='word_1_448' title='bbox 1930 2045 2026 2080; x_wconf 57' lang='lat' dir='ltr'>dicsto</span> 
     </span>
     <span class='ocr_line' id='line_1_89' title="bbox 1276 2095 2027 2143; baseline 0 -12"><span class='ocrx_word' id='word_1_449' title='bbox 1276 2097 1477 2141; x_wconf 81' lang='lat' dir='ltr'>Raynaldo.</span> <span class='ocrx_word' id='word_1_450' title='bbox 1517 2095 1729 2143; x_wconf 64' lang='lat' dir='ltr'>suggestione</span> <span class='ocrx_word' id='word_1_451' title='bbox 1765 2095 1851 2131; x_wconf 62' lang='lat' dir='ltr'>diRi</span> <span class='ocrx_word' id='word_1_452' title='bbox 1889 2095 2027 2131; x_wconf 81' lang='lat' dir='ltr'>Ezelini</span> 
     </span>
     <span class='ocr_line' id='line_1_90' title="bbox 1272 2144 2026 2193; baseline 0 -12"><span class='ocrx_word' id='word_1_453' title='bbox 1272 2145 1427 2193; x_wconf 87' lang='lat' dir='ltr'>accepit.</span> <span class='ocrx_word' id='word_1_454' title='bbox 1453 2148 1500 2181; x_wconf 88' lang='lat' dir='ltr'>Et</span> <span class='ocrx_word' id='word_1_455' title='bbox 1536 2148 1626 2182; x_wconf 83' lang='lat' dir='ltr'>circa</span> <span class='ocrx_word' id='word_1_456' title='bbox 1664 2146 1791 2182; x_wconf 71' lang='lat' dir='ltr'>Pascha</span> <span class='ocrx_word' id='word_1_457' title='bbox 1826 2144 1918 2180; x_wconf 90' lang='lat' dir='ltr'>obiit</span> <span class='ocrx_word' id='word_1_458' title='bbox 1958 2147 2026 2181; x_wconf 89' lang='lat' dir='ltr'>Do-</span> 
     </span>
     <span class='ocr_line' id='line_1_91' title="bbox 1273 2196 2024 2241; baseline 0.001 -10"><span class='ocrx_word' id='word_1_459' title='bbox 1273 2196 1387 2232; x_wconf 87' lang='lat' dir='ltr'>minus</span> <span class='ocrx_word' id='word_1_460' title='bbox 1423 2197 1568 2239; x_wconf 73' lang='lat' dir='ltr'>jacobus</span> <span class='ocrx_word' id='word_1_461' title='bbox 1600 2197 1789 2235; x_wconf 71' lang='lat' dir='ltr'>Episcopus</span> <span class='ocrx_word' id='word_1_462' title='bbox 1819 2196 2024 2241; x_wconf 75' lang='lat' dir='ltr'>paduanus,</span> 
     </span>
     <span class='ocr_line' id='line_1_92' title="bbox 1271 2246 2026 2294; baseline 0 -11"><span class='ocrx_word' id='word_1_463' title='bbox 1271 2246 1308 2283; x_wconf 84' lang='lat'>&amp;</span> <span class='ocrx_word' id='word_1_464' title='bbox 1337 2247 1450 2283; x_wconf 88' lang='lat' dir='ltr'>mense</span> <span class='ocrx_word' id='word_1_465' title='bbox 1483 2247 1573 2294; x_wconf 79' lang='lat' dir='ltr'>Maji</span> <span class='ocrx_word' id='word_1_466' title='bbox 1606 2249 1800 2292; x_wconf 79' lang='lat' dir='ltr'>Imperator</span> <span class='ocrx_word' id='word_1_467' title='bbox 1824 2259 1901 2281; x_wconf 88' lang='lat' dir='ltr'>cum</span> <span class='ocrx_word' id='word_1_468' title='bbox 1930 2260 2026 2283; x_wconf 85' lang='lat' dir='ltr'>exer-</span> 
     </span>
     <span class='ocr_line' id='line_1_93' title="bbox 1272 2297 2024 2345; baseline 0.001 -13"><span class='ocrx_word' id='word_1_469' title='bbox 1272 2298 1344 2333; x_wconf 85' lang='lat' dir='ltr'>citu</span> <span class='ocrx_word' id='word_1_470' title='bbox 1379 2298 1416 2332; x_wconf 77' lang='lat'>8&lt;</span> <span class='ocrx_word' id='word_1_471' title='bbox 1453 2297 1623 2334; x_wconf 89' lang='lat' dir='ltr'>Carrocio</span> <span class='ocrx_word' id='word_1_472' title='bbox 1665 2297 1827 2333; x_wconf 86' lang='lat' dir='ltr'>Paduano</span> <span class='ocrx_word' id='word_1_473' title='bbox 1870 2298 2024 2345; x_wconf 86' lang='lat' dir='ltr'>pluribus</span> 
     </span>
     <span class='ocr_line' id='line_1_94' title="bbox 1271 2348 2023 2395; baseline 0.001 -12"><span class='ocrx_word' id='word_1_474' title='bbox 1271 2348 1388 2384; x_wconf 83' lang='lat' dir='ltr'>debus</span> <span class='ocrx_word' id='word_1_475' title='bbox 1414 2348 1480 2383; x_wconf 85' lang='lat' dir='ltr'>obs</span> <span class='ocrx_word' id='word_1_476' title='bbox 1476 2348 1548 2383; x_wconf 80' lang='lat' dir='ltr'>edit</span> <span class='ocrx_word' id='word_1_477' title='bbox 1572 2348 1908 2388; x_wconf 79' lang='lat' dir='ltr'>Castrumfrancum</span> <span class='ocrx_word' id='word_1_478' title='bbox 1931 2348 2023 2395; x_wconf 91' lang='lat' dir='ltr'>quod</span> 
     </span>
    </p>

    <p class='ocr_par' dir='ltr' id='par_1_16' title="bbox 1238 2391 2025 2497">
     <span class='ocr_line' id='line_1_95' title="bbox 1238 2391 2025 2476; baseline 0.001 -42"><span class='ocrx_word' id='word_1_479' title='bbox 1238 2391 1242 2476; x_wconf 47' lang='grc'><strong><em>4</em></strong></span> <span class='ocrx_word' id='word_1_480' title='bbox 1270 2401 1428 2434; x_wconf 82' lang='lat' dir='ltr'>obtinere</span> <span class='ocrx_word' id='word_1_481' title='bbox 1457 2412 1525 2434; x_wconf 78' lang='lat' dir='ltr'>non</span> <span class='ocrx_word' id='word_1_482' title='bbox 1555 2412 1608 2442; x_wconf 87' lang='lat' dir='ltr'>po</span> <span class='ocrx_word' id='word_1_483' title='bbox 1601 2399 1696 2447; x_wconf 67' lang='lat' dir='ltr'>uigt</span> <span class='ocrx_word' id='word_1_484' title='bbox 1727 2398 1780 2434; x_wconf 90' lang='lat' dir='ltr'>sed</span> <span class='ocrx_word' id='word_1_485' title='bbox 1819 2412 1876 2444; x_wconf 85' lang='lat' dir='ltr'>per</span> <span class='ocrx_word' id='word_1_486' title='bbox 1913 2398 2025 2435; x_wconf 77' lang='lat' dir='ltr'>Privi-</span> 
     </span>
     <span class='ocr_line' id='line_1_96' title="bbox 1270 2449 2024 2497; baseline 0.001 -13"><span class='ocrx_word' id='word_1_487' title='bbox 1270 2449 1400 2497; x_wconf 76' lang='lat' dir='ltr'>Iegium</span> <span class='ocrx_word' id='word_1_488' title='bbox 1429 2462 1504 2484; x_wconf 84' lang='lat' dir='ltr'>cum</span> <span class='ocrx_word' id='word_1_489' title='bbox 1537 2451 1638 2484; x_wconf 77' lang='lat' dir='ltr'>Bulla</span> <span class='ocrx_word' id='word_1_490' title='bbox 1667 2462 1765 2485; x_wconf 86' lang='lat' dir='ltr'>aurea</span> <span class='ocrx_word' id='word_1_491' title='bbox 1793 2449 1938 2484; x_wconf 82' lang='lat' dir='ltr'>donavit</span> <span class='ocrx_word' id='word_1_492' title='bbox 1963 2451 2024 2485; x_wconf 81' lang='lat' dir='ltr'>Pa-</span> 
     </span>
    </p>

    <p class='ocr_par' dir='ltr' id='par_1_17' title="bbox 1270 2499 2023 2548">
     <span class='ocr_line' id='line_1_97' title="bbox 1270 2499 2023 2548; baseline 0 -13"><span class='ocrx_word' id='word_1_493' title='bbox 1270 2499 1391 2535; x_wconf 81' lang='lat' dir='ltr'>duanis</span> <span class='ocrx_word' id='word_1_494' title='bbox 1423 2500 1534 2548; x_wconf 64' lang='lat' dir='ltr'>ipius-2</span> <span class='ocrx_word' id='word_1_495' title='bbox 1576 2500 1733 2535; x_wconf 68' lang='lat' dir='ltr'>Castrum</span> <span class='ocrx_word' id='word_1_496' title='bbox 1754 2527 1763 2544; x_wconf 90' lang='lat'>,</span> <span class='ocrx_word' id='word_1_497' title='bbox 1791 2499 1826 2535; x_wconf 70' lang='grc' dir='ltr'>ἂ</span> <span class='ocrx_word' id='word_1_498' title='bbox 1856 2500 2023 2546; x_wconf 82' lang='lat' dir='ltr'>quicquid</span> 
     </span>
    </p>

    <p class='ocr_par' dir='ltr' id='par_1_18' title="bbox 1271 2550 2024 2588">
     <span class='ocr_line' id='line_1_98' title="bbox 1271 2550 2024 2588; baseline -0.004 -1"><span class='ocrx_word' id='word_1_499' title='bbox 1271 2550 1445 2588; x_wconf 83' lang='lat' dir='ltr'>territorii</span> <span class='ocrx_word' id='word_1_500' title='bbox 1474 2551 1517 2587; x_wconf 85' lang='lat' dir='ltr'>est</span> <span class='ocrx_word' id='word_1_501' title='bbox 1547 2550 1635 2587; x_wconf 72' lang='lat' dir='ltr'>citra</span> <span class='ocrx_word' id='word_1_502' title='bbox 1664 2550 1810 2588; x_wconf 80' lang='lat' dir='ltr'>fiuvium</span> <span class='ocrx_word' id='word_1_503' title='bbox 1842 2550 1959 2586; x_wconf 70' lang='lat' dir='ltr'>Sileris</span> <span class='ocrx_word' id='word_1_504' title='bbox 1988 2563 2024 2584; x_wconf 89' lang='lat' dir='ltr'>u-</span> 
     </span>
    </p>

    <p class='ocr_par' dir='ltr' id='par_1_19' title="bbox 1894 2601 1975 2650">
     <span class='ocr_line' id='line_1_99' title="bbox 1894 2601 1975 2650; baseline 0 -13"><span class='ocrx_word' id='word_1_505' title='bbox 1894 2601 1975 2650; x_wconf 79' lang='lat' dir='ltr'>sque</span> 
     </span>
    </p>
   </div>
   <div class='ocr_carea' id='block_1_9' title="bbox 2214 2592 2237 3068">
    <p class='ocr_par' dir='ltr' id='par_1_20' title="bbox 2214 2592 2237 3068">
     <span class='ocr_line' id='line_1_100' title="bbox 2214 2592 2237 3068; baseline 0 0"><span class='ocrx_word' id='word_1_506' title='bbox 2214 2592 2237 3068; x_wconf 95' lang='lat' dir='ltr'> </span> 
     </span>
    </p>
   </div>
  </div>
 </body>
</html>
