2237 3068
257 233 339 274 217

589 220 1425 261 PATAVINUM‚

1677 231 1759 270 218

195 277 308 311 Padua
338 274 374 310 in
405 273 505 309 archa
537 287 604 310 uua
631 275 668 310 in
698 279 826 325 angulo
858 290 876 312 a
903 279 951 313 la·
988 283 1034 317 A,
1064 275 1105 311 de
1133 277 1284 312 Dovaria
1312 279 1402 314 Cive
1429 278 1673 322 Cremonensi,
1696 285 1822 323 rel-{5310

196 335 267 361 tere
295 324 478 369 meridiei,
499 325 558 360 ubi
586 325 742 374 depizstus
769 327 813 362 est
839 329 952 363 Ezeli-

194 388 257 411 nus
294 387 371 411 cum
409 374 619 411 satellitibus
655 375 747 412 suis.
784 379 832 413 Et
867 387 950 413 tunc

197 425 317 461 Brixia
344 424 446 462 civili
470 425 639 462 discordia
667 428 863 475 perturbata
885 428 951 472 est,

195 475 377 524 instigante
405 477 571 512 Ezelino.
601 479 680 513 Pars
707 479 844 514 Ezelini
871 492 951 515 con—

196 536 249 562 tra
287 528 423 562 Partem
461 526 630 563 Ecclefiae
665 528 846 565 obtinuit.
885 532 950 565 Ve-

195 585 388 613 rumtamen
417 577 596 613 Ezelinum
624 579 753 627 ingredi
782 592 851 615 non
881 593 952 629 per-

197 626 390 668 miserunt,
429 627 665 676 persuadentes
708 629 850 674 eidem,
890 630 951 680 qui

200 678 265 725 jam
295 691 384 714 ‚cum
429 678 585 714 exercitu
626 678 685 715 suo
726 689 866 716 venerat
912 682 952 717 ad

195 728 361 765 Montem
389 729 557 768 Clarum,
584 729 677 777 quod
705 733 880 767 Veronam
904 745 951 767 re-

196 778 287 814 diret
309 802 319 818 ,
346 777 385 815 &
419 778 658 815 Grifonellum
696 780 822 816 Civem
859 781 952 818 suum

197 828 335 864 Patriae
362 838 548 865 amatorem
576 830 617 865 ad
646 831 782 867 Brixiae
801 832 953 881 regimen

199 880 396 927 elegerunt.
424 882 471 915 Et
506 880 621 916 mense
656 882 747 930 Maji
784 881 953 930 sequentis

198 931 360 965 Ezelinus
383 929 660 966 Bontraversium
684 931 837 968 socerum
860 933 953 969 suum

199 992 277 1015 cum
307 979 476 1015 masnadis
503 980 580 1028 capi
607 980 692 1016 fecit
711 1008 721 1026 ‚
757 983 791 1017 8<
816 982 856 1018 -in
884 997 954 1019 car-

199 1042 274 1065 cere
317 1031 405 1064 mori
446 1031 585 1076 coegit.
625 1031 758 1067 Eodem
799 1041 955 1080 tempore

196 1078 390 1126 praedicata
415 1077 486 1114 fuit
508 1077 610 1114 Crux
632 1090 751 1116 contra
773 1083 954 1118 Ezelinum

197 1141 256 1177 per
295 1127 488 1164 Dominum
529 1129 731 1178 Philippum
768 1133 952 1181 Archiepi-

196 1178 336 1226 scopum
382 1181 565 1215 Ravennae
608 1191 691 1217 tunc
732 1182 955 1232 Apostolicae

200 1230 292 1265 Sedis
321 1231 516 1279 Legatum.
979 1215 983 1262 i

268 1278 273 1279 ⁷
489 1292 504 1317 1
537 1292 558 1316 2
588 1292 606 1327 ς
638 1282 672 1318 6.

250 1332 296 1366 D.
332 1329 474 1366 Marcus
511 1331 683 1375 Quirinus
719 1333 760 1369 de
796 1334 956 1371 Veneriis

201 1380 350 1416 Potestas
380 1381 513 1416 Paduae
540 1381 669 1418 eleffius
697 1396 756 1431 per
779 1385 955 1420 paduanos

199 1431 423 1466 Extrinsecos
448 1431 487 1466 in
520 1432 682 1469 exercitu
710 1434 860 1470 intravit
895 1435 954 1471 Ci-

199 1480 347 1517 vitatem
378 1481 533 1525 Paduae,
562 1486 592 1516 δι
621 1483 752 1530 juravit
779 1484 876 1521 suum
906 1499 954 1521 re-

198 1530 316 1579 gimen
355 1531 411 1567 die
448 1530 576 1567 Martis
615 1535 692 1569 XX.
737 1535 861 1577 Junii.
904 1538 956 1571 Eo

197 1589 355 1626 tempore
399 1581 599 1618 Alexander
647 1585 735 1632 Papa
783 1585 957 1622 commifit

198 1630 408 1680 Legationis
446 1631 605 1668 officium
650 1633 687 1669 in
731 1634 893 1671 Marchia
927 1640 955 1670 ὅ(

197 1682 412 1718 Lombardia
440 1691 561 1718 contra
591 1685 772 1720 Ezelinum
804 1688 956 1722 Domino

198 1732 363 1780 Philippo
390 1732 668 1782 Archiepiscopo
695 1735 737 1770 de
765 1738 955 1781 Ravenna,

197 1781 260 1829 qui
300 1784 449 1819 Crucem
487 1783 572 1819 fecit
608 1785 799 1832 praedicari
836 1795 957 1823 contra

199 1844 278 1867 eum
301 1858 312 1875 ‚
352 1834 385 1867 δε
424 1835 652 1881 congregavit
687 1838 877 1871 exercitum
917 1837 958 1872 de

198 1881 415 1918 Marchianis
451 1883 639 1927 exulibus,
680 1886 714 1919 8<
752 1886 957 1922 Balistreriis

198 1945 277 1967 cum
314 1933 460 1968 navibus
499 1935 744 1975 Venetorum,
785 1937 819 1971 ὃ(
858 1936 956 1984 quin-

198 1982 312 2031 gentis
339 1982 515 2031 peditibus
542 1985 738 2021 Ferrariae.

492 2046 507 2070 1
540 2046 560 2069 2
592 2046 609 2079 ς
639 2047 673 2082 7.

249 2084 294 2117 D.
322 2083 492 2126 Iohannes
521 2085 706 2121 Badoarius
735 2086 776 2121 de
804 2089 957 2123 Venetiis

201 2133 350 2169 Potestas
374 2134 527 2170 Paduae.
550 2136 601 2169 Eo
623 2143 776 2184 tempore
799 2137 957 2172 Brixien-

199 2182 246 2218 ses
286 2184 508 2221 reconciliati
549 2184 690 2222 fuerunt
735 2186 775 2222 ad
824 2199 957 2235 partem

201 2233 391 2278 Ecclesiae,
414 2235 588 2272 mediante
612 2238 732 2273 Fratre
758 2238 958 2273 Heverardo

200 2284 343 2320 Ordinis
381 2286 685 2332 Praedicatorum,
712 2287 754 2323 de
781 2301 851 2334 quo
888 2297 957 2323 tur-

202 2334 272 2369 bat'
317 2334 455 2372 fuerunt
491 2337 683 2381 Ezelinus,
715 2342 744 2371 ἃ
788 2338 956 2374 Pelavici-

250 2398 281 2419 s.
310 2387 354 2421 Et
381 2396 463 2422 tunc
486 2388 592 2424 etiam
618 2387 797 2435 Papienses
820 2392 930 2435 primo
947 2415 956 2432 ‚

203 2435 236 2468 8<
264 2435 388 2471 deinde
418 2438 610 2474 Placentini
638 2438 758 2488 jugum
790 2439 956 2474 Pelavici-

202 2483 239 2519 ni
289 2497 307 2519 a
354 2486 418 2521 suis
467 2489 659 2525 cervicibus
706 2489 922 2524 excusserunt
947 2515 956 2525 .

204 2536 306 2571 Tunc
333 2534 491 2573 suadente
519 2540 668 2587 provido
697 2540 772 2575 viro
810 2541 954 2575 Boxane

301 2589 390 2622 Tarm
417 2591 499 2625 XII.

1064 327 1234 371 Ezelino‚
1258 340 1276 363 a
1303 341 1373 376 quo
1395 328 1491 378 saepe
1517 331 1634 367 offensi
1662 332 1821 381 suerunt,

1065 375 1190 411 Estenfi
1218 376 1422 416 Marchioni
1450 380 1757 431 confoederantur,
1785 388 1822 422 δε

1064 435 1148 462 tunc
1176 429 1403 475 implacabilis
1431 431 1768 477 Mediolanenfium,
1787 442 1820 473 δε

1065 478 1348 516 Cremonensium
1377 481 1544 519 discordia
1572 483 1684 522 sedata
1712 486 1775 524 est.

1359 543 1374 566 1
1409 543 1428 567 2
1458 543 1477 578 5
1510 537 1542 569 8.

1116 580 1161 628 D.
1189 578 1394 617 Matthaeus
1420 583 1461 618 de
1489 582 1652 634 Cori-igia
1679 587 1720 624 de
1742 591 1824 626 Par-

1065 641 1121 664 ma
1150 630 1298 666 Potestas
1327 632 1481 669 Paduae.
1508 636 1560 670 Eo
1589 646 1743 686 tempore
1772 643 1821 677 in*

1065 689 1182 728 ceptus
1204 679 1268 716 fuit
1290 695 1401 718 murus
1421 683 1527 731 spaldi
1544 699 1565 720 a
1586 688 1822 737 Saraxstrffco,

1064 728 1102 766 ἃ
1125 730 1182 765 die
1210 730 1276 767 ΠΙ.
1304 743 1453 769 exeunte
1479 735 1575 777 Julio
1602 738 1735 775 milites
1762 742 1824 778 Pa-

1064 779 1169 815 duani
1199 780 1236 815 in
1266 783 1508 830 campestribus
1536 786 1682 824 Baxiani
1704 790 1824 827 Theo-

1065 829 1204 866 tonicos
1241 833 1375 877 equites
1413 834 1553 871 Ezelini
1591 837 1739 876 viriliter
1766 842 1824 878 de-

1066 881 1304 926 bellaverunt,
1326 883 1367 918 de
1397 885 1522 930 quibus
1545 899 1704 936 magnam
1729 904 1825 939 prae-

1064 931 1141 966 darn
1179 931 1396 982 habuerunt3
1434 936 1465 969 8<
1496 938 1625 973 Veneti
1663 953 1822 988 magnam

1065 980 1251 1016 vitstoriam
1281 982 1500 1029 habuerunt,
1528 997 1648 1024 contra
1676 992 1824 1033 januen-

1065 1030 1113 1066 ses
1141 1031 1178 1065 in
1207 1031 1370 1071 Civitate
1397 1038 1521 1071 Acon.
1551 1039 1597 1073 Et
1624 1040 1822 1077 Brixienses

1066 1081 1173 1127 partis
1213 1082 1383 1119 Ecclesiae
1426 1085 1570 1122 consilio
1609 1089 1642 1122 &
1687 1091 1824 1127 auxilio

1067 1130 1215 1179 Legati,
1245 1130 1282 1168 ἃ
1310 1134 1552 1179 Μεῑεῇἰοηίε,
1582 1138 1658 1174 suos
1689 1150 1828 1177 contra-

1066 1182 1136 1217 rios
1164 1181 1295 1218 amicos
1323 1184 1460 1220 Ezclini
1487 1190 1516 1220 ὃ(
1542 1188 1736 1226 Pelavicini
1765 1205 1825 1238 po-

1068 1231 1207 1267 suerunt
1247 1232 1556 1286 in-conflifi‘rum;
1598 1240 1631 1274 &
1674 1242 1824 1287 Crema,

1067 1295 1154 1330 quae
1189 1282 1249 1318 diu
1285 1282 1345 1319 sub
1384 1285 1466 1334 jugo
1506 1288 1823 1328 Mediolanenfium

1067 1333 1198 1372 suerat,
1224 1342 1307 1368 tunc
1335 1336 1476 1382 expulsa
1503 1348 1598 1386 parte
1619 1353 1759 1386 eorum,
1781 1343 1823 1378 ad

1068 1395 1188 1417 manus
1224 1381 1509 1422 Cremonenfium
1548 1391 1732 1436 pervenit.
1771 1395 1824 1429 Eo

1068 1434 1176 1468 Anno
1203 1434 1336 1470 miiitia
1366 1438 1663 1484 Mantuanorum,
1691 1446 1719 1476 ὅ(
1750 1444 1825 1478 Bri-

1068 1483 1251 1518 xianorum
1290 1484 1420 1521 deviffli
1450 1487 1589 1525 fuerunt
1617 1504 1675 1538 per
1703 1494 1826 1527 Domi-

1068 1545 1151 1568 num
1180 1533 1390 1581 Ezelinum‚
1419 1537 1455 1572 in
1484 1551 1554 1585 quo
1583 1542 1717 1587 proelio
1748 1543 1825 1578 Phi-

1068 1583 1183 1631 lippus
1213 1584 1506 1634 Archiepiscopus
1536 1592 1719 1628 Ravennae
1741 1601 1825 1629 tunc

1070 1633 1289 1682 Apostolicae
1318 1637 1412 1672 Sedis
1444 1641 1597 1687 Legatus
1625 1654 1703 1677 eum
1737 1645 1826 1679 mul-

1068 1682 1115 1719 tis
1151 1685 1356 1721 Mantuanis
1385 1697 1505 1735 captus
1531 1689 1601 1727 fuit
1631 1693 1672 1727 ab
1709 1694 1826 1730 Ezeli-

1068 1746 1134 1774 no,
1172 1735 1204 1768 &
1246 1734 1342 1771 dursti
1384 1737 1523 1775 fuerunt
1560 1741 1596 1775 in
1631 1744 1825 1780 carceribus

1068 1786 1248 1828 Veronae,
1275 1786 1307 1819 ὃ(
1336 1794 1418 1822 tunc
1445 1787 1587 1825 Civitas
1609 1792 1750 1828 Brixiae
1772 1807 1826 1830 ca-

1069 1842 1127 1891 pta
1154 1833 1222 1869 fuit
1249 1835 1292 1870 ab
1319 1837 1468 1873 Ezelino
1493 1839 1532 1875 in
1559 1842 1640 1876 loco
1675 1844 1826 1881 Gamba-

1068 1897 1161 1920 nae.

1359 1949 1374 1973 1
1407 1950 1427 1973 2
1458 1949 1475 1984 ς
1533 1967 1542 1976 .

1120 1985 1163 2019 D.
1200 1984 1318 2021 Guido
1359 1988 1400 2023 de
1441 1953 1568 2027 Mogte
1609 1993 1743 2041 Fojano
1782 1995 1825 2031 de

1069 2034 1181 2082 Regio
1221 2035 1368 2073 Potestas
1408 2039 1559 2077 Paduae.
1589 2045 1640 2078 Eo
1668 2054 1825 2092 tempore

1069 2085 1265 2121 Florentini
1282 2113 1292 2130 ‚
1319 2087 1352 2121 8<
1384 2090 1518 2126 Lucani
1547 2093 1743 2130 miserabile
1767 2095 1825 2131 ha-

1068 2136 1215 2171 buerunt
1243 2146 1431 2188 eventum3
1455 2153 1533 2176 nam
1562 2143 1679 2179 confifi
1706 2145 1824 2182 desua

1067 2185 1319 2231 multitudine,
1348 2202 1425 2224 cum
1454 2190 1590 2228 ivissent
1617 2194 1730 2231 versus
1762 2195 1826 2231 Ci-

1068 2235 1214 2271 vitatem
1254 2239 1456 2280 Senensem,
1483 2243 1517 2277 8<
1555 2244 1714 2281 Senenses
1752 2245 1825 2281 exi—

1068 2286 1193 2322 viffent
1220 2289 1260 2322 ad
1290 2289 1416 2325 bellum
1440 2290 1530 2328 forte
1558 2295 1694 2331 auxilio
1722 2297 1826 2332 Man-

1067 2335 1152 2372 fredi
1183 2338 1286 2386 Regis
1315 2340 1480 2382 Siciliae,
1511 2344 1730 2381 Florentinos
1748 2370 1758 2386 ,
1785 2344 1825 2382 &

1066 2388 1228 2423 Lucanos
1269 2388 1420 2426 viriliter
1460 2392 1743 2435 debellaverunt,
1787 2395 1825 2434 &

1066 2437 1104 2473 in
1133 2447 1269 2474 tantum
1288 2465 1297 2483 ‚
1325 2442 1418 2487 quod
1457 2442 1636 2481 dicebatur
1663 2445 1704 2481 de
1744 2446 1826 2480 Flo-

1065 2488 1231 2528 rentinis,
1273 2494 1302 2524 &
1345 2492 1498 2528 Lucanis
1538 2493 1631 2530 inter
1669 2504 1825 2531 mortuos

1065 2536 1102 2576 ἃ
1131 2547 1249 2586 captos
1278 2540 1457 2590 plusquam
1484 2543 1542 2580 sex
1570 2545 1685 2581 millia
1707 2545 1823 2581 homi-

1159 2590 1184 2623 P
1690 2607 1775 2631 num
