2237 3068
248 228 328 267 213
570 210 918 249 PATA

188 270 292 313 ferri,
320 270 354 304 δί
381 265 564 315 legitimos
592 265 671 302 fieri
697 279 756 313 per
793 267 944 311 Papam,

189 326 220 355 &
257 333 315 366 per
350 319 569 354 Guilelmum
608 320 843 352 Romanorum
880 318 943 350 Re-

187 383 286 419 gem.
317 372 361 404 Et
399 368 494 416 capti
529 367 670 403 ferunt
708 365 859 402 Domini
884 367 929 401 Pe

188 421 320 456 trus&
358 419 552 463 Iohannes,
582 417 707 454 fratres
738 417 778 452 de
819 418 944 464 Peraga

188 470 278 506 forte
311 469 486 505 occasione
524 469 649 504 sororis
687 468 762 503 suae
795 463 944 502 Gardio—

188 523 287 556 nelae
329 520 447 556 uxoris
489 519 666 567 quondam
711 517 864 564 Tysonis
907 517 948 552 de

188 574 326 616 Campo
355 570 470 606 Samffi
513 570 628 610 Petri,
630 599 632 601 ,
656 582 744 616 quae
780 568 849 603 fuit
876 580 946 603 ma-

189 631 243 658 ter
279 621 431 668 Tyfonis
472 621 641 658 Noxclli
678 620 731 655 sed
769 619 949 654 dicebatur

188 672 306 722 potius
334 671 510 708 occasione
540 670 772 719 proditionis.
797 671 842 704 Et
865 671 946 704 Eze-

188 723 280 760 linus
308 723 354 758 de
387 725 548 758 Romano
578 722 648 757 ivit
684 733 762 756 cum
791 718 953 754 exercitu·

188 773 302 810 versus
332 775 546 813 Mantuam
573 771 692 808 omnia
721 769 948 812 destruendo,

190 823 227 860 &
265 825 481 872 postmodum
519 822 630 858 rediit
662 825 871 858 Veronam.
902 821 949 855 Et

189 874 472 910 Mediolanenses
520 873 557 909 in
608 872 666 908 die
716 869 948 908 Affumtionis

190 926 318 961 Beatae
359 924 526 973 Virginis
559 923 756 959 Civitatem
807 921 949 958 Laudae

190 975 420 1015 obsederunt,
454 975 492 1009 δι
515 973 565 1009 δε
586 973 700 1009 mense
736 970 949 1020 Septembris

189 1038 265 1060 eam
293 1025 509 1065 habuerunt,
530 1023 567 1058 &
589 1024 732 1058 domum
755 1022 953 1058 redierunt.

189 1077 237 1110 Et
263 1074 410 1122 quidam>
434 1074 481 1108 de
506 1071 671 1108 Confilve
697 1072 841 1107 nomine
877 1072 948 1106 Ta-

188 1125 280 1160 vella
297 1152 315 1168 ‚.
345 1124 428 1159 dum
469 1122 558 1158 effet*
591 1123 758 1158 detentus-
792 1121 831 1157 in
873 1122 949 1157 Sala

189 1174 401 1219 Potestatis,.
422 1174 542 1209 volens
578 1171 695 1221 fugere
707 1199 723 1216 ‚.
745 1171 779 1208 se
816 1185 874 1220 per
901 1171 948 1207 fe-

188 1225 331 1262 nestram
361 1223 510 1272 projecit
537 1223 579 1259 in
602 1232 753 1262 terram,
774 1223 807 1258 &
836 1221 948 1258 statim

188 1276 305 1312 obiit.
333 1278 379 1311 Et
406 1288 484 1310 cum
521 1275 668 1318 jacobus
695 1274 743 1309 de·
773 1272 949 1309 Gnidonis

190 1326 296 1363 frater
319 1325 500 1362 Anxedifii
529 1324 616 1360 effet.
638 1324 850 1368 capitaneus
871 1325 947 1359 Ma-

189 1377 363 1416 rosticae‚-
387 1375 572 1411 occasione*
603 1374 816 1422 proditionis
850 1374 947 1410 deca—

190 1427 303 1475 pitari·
341 1425 430 1462 fecit
467 1425 662 1462 Gerardum
701 1424 866 1460 Schacum
907 1425 949 1461 de

191 1476 411 1525 Ofredutiisg
435 1475 471 1513 &
497 1477 557 1511 illa
582 1475 622 1510 de
645 1475 742 1510 causa
763 1474 857 1522 capti
877 1474 946 1511 fue·

190 1536 274 1565 runt
303 1527 338 1562 in
371 1527 489 1562 Padua
511 1526 694 1562 Henricus
717 1525 947 1561 Archidiaco-

189 1591 255 1614 nus
281 1578 313 1613 8(
344 1576 548 1612 Canonicus
584 1575 789 1615 paduanus,
821 1575 946 1612 Henri-

189 1642 251 1664 cus
279 1627 398 1663 Abbas
426 1626 606 1666 Carraria,
642 1627 676 1662 &
713 1626 820 1663 multi
856 1626 948 1676 aliig

189 1680 229 1714 &
250 1688 335 1714 tunc
363 1677 471 1713 faetus
497 1677 565 1713 fuit
593 1678 752 1714 mortalis
780 1680 950 1714 carcer‘in

187 1729 385 1766 eittadella
428 1728 632 1764 nominatus
666 1733 698 1762 la
739 1733 876 1770 Malta,
912 1729 949 1763 in

189 1792 270 1825 quo·
288 1778 389 1827 pofiti
412 1777 551 1813 fuerunt
573 1778 710 1814 milites
728 1778 819 1814 circa
840 1781 950 1814 Lxx.

187 1830 268 1865 fine⁷
295 1829 546 1876 compedibus,
582 1827 622 1865 ἃ»
658 1841 734 1864 cum
774 1824 948 1877 compedi-

191 1880 253 1916 bus
279 1878 377 1915 circat
398 1888 537 1914 centum
566 1877 603 1915 ἃ
633 1878 810 1926 quinque„

481 1941 496 1965 1
531 1941 551 1965 2
582 1941 599 1975 5
632 1941 664 1965 2-

243 1982 278 2016 D
321 1979 348 1999 *⁷
371 1981 552 2016 Anxedius
580 1979 771 2027 praedictus
801 1980 951 2015 Potestas

192 2031 353 2067 Paduae.
381 2033 433 2065 Eo
470 2040 627 2076 tempore
666 2030 838 2066 Dominus
866 2033 949 2066 Gre-

191 2082 310 2129 gorius
338 2081 379 2116 de
406 2081 643 2128 Montelongo
670 2081 852 2116 ordinatus
884 2080 952 2117 fuit

193 2131 395 2168 Patriarcha
426 2130 680 2179 Aquilegienfis
709 2144 733 2166 a*
765 2133 854 2179 Papa
896 2133 951 2167 In-

191 2183 382 2224 nocendo,
421 2182 452 2217 ἃ
492 2181 642 2217 intravit
671 2181 950 2218 Patriarchatum

193 2233 234 2270 de
262 2232 377 2270 mense
403 2232 584 2281 Januari53
613 2231 648 2268 &
679 2232 835 2280 sequenti
857 2246 952 2269 men⁷

193 2283 226 2320 se
263 2283 442 2320 Februarii
481 2283 573 2319 obiit
617 2283 785 2319 Rizardus
822 2283 951 2319 Comes

194 2335 309 2371 sanai
350 2334 527 2371 Bonifacii
567 2333 604 2370 in
648 2333 790 2375 Brixia,
832 2334 952 2382 ibique

193 2384 386 2421 honorifice
416 2385 568 2433 sepultus
598 2399 657 2434 per
685 2387 890 2425 Brixiam,
917 2387 950 2421 ἃ

195 2435 228 2472 ei
256 2435 411 2474 suceeffit
435 2437 512 2487 ejus
536 2435 638 2473 filius·
659 2436 884 2475 Ludovicuse

1162 208 1206 245 N
1263 208 1299 244 U
1358 207 1427 244 M.
1667 217 1751 258 214

1349 273 1364 296 1
1397 273 1417 296 2
1448 271 1465 305 5
1499 272 1530 305 3.

1111 315 1155 348 D.
1191 311 1406 348 Anxedifius
1436 310 1628 359 praedic’tus
1665 311 1815 347 Potestas

1030 378 1032 394 ι
1062 364 1216 399 paduae.
1243 365 1301 398 Eo
1333 371 1495 408 tempore
1518 359 1632 396 mense
1669 361 1817 397 Februa-

1027 395 1034 467 Ι
1061 413 1126 450 rii.
1155 413 1310 460 Quidam
1338 413 1484 449 nuntius
1509 411 1640 447 Fratris
1661 411 1820 447 Alberti-

1061 464 1098 500 ni
1126 465 1166 500 de
1204 464 1338 499 Ordine
1373 465 1558 499 Minorum
1584 461 1720 520 accepit
1746 463 1820 511 epi-

1061 515 1185 551 stolam
1218 515 1299 550 Otti
1327 514 1422 562 Vulp
1425 513 1438 549 i
1476 512 1647 553 Notarii,
1683 512 1719 548 in
1749 525 1819 559 qua

1030 566 1317 602 ¹continebatur
1351 563 1444 612 quod
1486 566 1606 599 Frater
1645 565 1736 599 Otto
1775 563 1819 599 de

1030 597 1195 680 {Ordine
1233 618 1414 651 Minorum
1453 622 1526 650 erat
1562 613 1691 650 elesius
1735 613 1819 662 Epi-

971 667 1021 754 !ss
1030 668 1183 716 {scopus
1224 667 1262 703 in
1309 665 1466 714 partibus
1516 665 1742 703 Romamne,
1784 664 1820 699 δε

993 715 1032 755 ΕΙ
1063 719 1154 775 quod
1182 731 1302 766 guerra
1338 729 1409 752 non
1445 715 1591 751 duraret
1619 715 1732 750 tribus
1760 728 1819 750 an-

971 757 1020 1201 Ιε
1062 771 1115 805 nis
1127 797 1137 813 ‚
1165 770 1198 804 &
1227 768 1319 817 quod
1356 765 1520 802 Ezelinus
1556 765 1625 800 erit
1661 775 1820 802 mortuus

980 210 1016 246 V
1072 209 1092 247 l

984 268 1016 298 A

1062 833 1139 856 cum
1170 819 1263 858 suis,
1283 818 1363 854 ideo
1390 817 1451 853 fibi
1480 814 1680 864 provideat.
1701 818 1822 862 Quam

1062 871 1200 907 literam
1238 869 1420 905 Ziramons
1458 866 1607 906 habuit,
1645 865 1681 903 &
1719 865 1823 902 fratri.

1062 921 1122 957 suo
1149 921 1301 957 Ezelino
1325 917 1482 966 detulit;
1521 916 1582 963 qui
1610 930 1687 952 cum
1717 915 1821 952 sciret

1062 971 1245 1007 veritatem
1269 998 1279 1014 ‚
1322 968 1436 1004 statim
1474 967 1608 1003 dietum
1647 969 1820 1002 Ortonem

1030 1035 1034 1064 Ι
1061 1022 1213 1057 detinni
1242 1020 1327 1056 fecit
1353 1032 1432 1054 cum
1460 1017 1621 1054 omnibus
1650 1017 1717 1053 suis
1738 1020 1820 1051 ami-

1061 1072 1136 1115 cis,
1164 1072 1200 1107 &
1235 1071 1318 1107 illos
1355 1068 1447 1105 mori
1484 1068 1597 1115 fecit3
1625 1068 1658 1102 ἃ
1690 1067 1821 1103 multos

1060 1121 1152 1157 alios
1175 1121 1252 1170 capi
1282 1120 1390 1163 fecit,
1419 1119 1513 1155 inter
1538 1130 1627 1166 quos
1653 1116 1721 1153 fuit
1742 1117 1821 1165 qui-

1060 1173 1135 1208 dam
1172 1171 1411 1208 prosdocimus
1442 1168 1612 1206 Notarius
1637 1167 1678 1204 de
1699 1170 1820 1209 Cave,

1060 1225 1093 1259 δί
1122 1223 1239 1260 missus
1277 1221 1540 1263 Cittadellam,
1568 1219 1610 1254 in
1635 1219 1732 1267 cujus
1760 1219 1821 1254 do-

1060 1287 1118 1310 mo
1162 1274 1306 1310 inxenta
1347 1272 1416 1308 fuit
1455 1269 1624 1317 quaedam
1669 1269 1820 1305 caldaria.

1061 1326 1162 1372 plena
1191 1327 1406 1360 Ducatorum
1442 1324 1657 1357 Venetorum
1693 1320 1820 1368 groffo-

1061 1388 1167 1415 rum,
1207 1375 1241 1410 &
1285 1383 1359 1410 erat
1399 1385 1508 1420 capax
1549 1371 1633 1406 bene
1673 1370 1820 1405 duorum

1061 1425 1282 1467 Stariorum,
1318 1423 1356 1460 ἃ
1395 1423 1510 1458 ultra.
1537 1423 1583 1457 Et
1613 1422 1777 1456 Ubertus
1801 1433 1821 1457 a

1061 1476 1163 1511 vado
1191 1475 1320 1512 trassus
1349 1473 1418 1509 fuit
1446 1486 1505 1521 per
1532 1481 1642 1507 totam
1671 1472 1821 1507 Terram

1062 1529 1252 1569 Veronae,
1290 1521 1337 1561 &i
1372 1523 1490 1568 postea.
1530 1521 1749 1561 combustus,
1785 1522 1821 1557 δε

1063 1577 1167 1613 multi
1197 1578 1333 1612 Fratres
1360 1574 1542 1613 Minores,
1562 1572 1761 1615 Eremitae‚
1785 1573 1821 1607 8<

1065 1627 1344 1670 Praedicatores‚
1381 1627 1415 1661 &
1453 1623 1523 1660 alii-
1553 1622 1713 1658 similiter
1748 1622 1821 1658 fue-

1063 1687 1144 1714 runt
1171 1677 1286 1726 capti,
1313 1678 1349 1712 &
1375 1674 1593 1711 horribiliter
1620 1672 1789 1709 cruciati.

1032 1765 1036 1776 2
1354 1736 1375 1762 Γ
1402 1739 1423 1762 2
1453 1736 1471 1771 5
1501 1738 1537 1770 4·

1033 1777 1036 1842 Ι
1115 1780 1160 1814 D.
1191 1777 1400 1813 Anxedifius
1438 1773 1633 1823 praedi&us
1671 1773 1821 1810 Potestas

1067 1829 1221 1864 paduae.
1249 1831 1302 1863 Eo
1329 1836 1486 1874 tempore
1512 1827 1599 1861 obiit
1628 1827 1701 1860 Rex
1723 1824 1821 1861 Con—

1064 1879 1163 1915 radus
1191 1889 1288 1927 pater
1315 1876 1531 1919 Com-adini,
1559 1873 1597 1912 δὲ
1626 1875 1720 1911 filius
1742 1877 1822 1911 Fre-

1064 1928 1172 1965 derici
1202 1928 1426 1976 Imperatoris
1455 1927 1498 1963 in
1521 1927 1653 1975 Apulia
1680 1927 1758 1961 XII.
1786 1938 1821 1961 e-

1065 1988 1192 2016 xeunte
1221 1978 1370 2021 Madio‚
1398 1977 1435 2014 &
1466 1977 1694 2013 Innocentius
1730 1978 1822 2023 Papa

1035 2031 1100 2088 'in
1131 2043 1234 2065 manu
1271 2029 1387 2065 valida
1424 2028 1575 2063 hostium
1608 2028 1742 2063 intrans
1769 2028 1822 2061 A-

996 2078 1025 2111 Ε
1065 2081 1197 2125 puliam
1226 2079 1349 2116 sedit
1339 2093 1377 2115 in
1406 2078 1621 2126 Neapolim,
1648 2078 1689 2112 ad
1717 2088 1822 2122 quem

1066 2131 1250 2178 Principes
1278 2143 1398 2166 omncs
1433 2128 1610 2175 Apuliae,
1645 2129 1679 2163 &
1719 2126 1822 2163 Man-

988 1619 1022 1652 D

1064 2181 1177 2218 fredus
1204 2180 1299 2217 filius
1326 2180 1494 2216 naturalis
1529 2178 1705 2227 quondam
1742 2180 1824 2213 Fre-

1063 2231 1171 2268 derici
1221 2231 1385 2275 Princeps
1426 2229 1584 2267 Taranti.
1614 2228 1821 2273 venientes,

1065 2282 1176 2319 eidem
1207 2284 1318 2330 Papae
1346 2281 1595 2329 subjestionem
1623 2293 1700 2315 cum
1726 2291 1821 2315 reve-

1066 2334 1178 2369 rentia
1205 2333 1432 2369 obtulerunt.
1469 2331 1532 2367 Sed
1568 2330 1607 2367 in
1635 2339 1735 2366 tanto
1762 2341 1823 2377 po-

1067 2383 1201 2420 tentiae
1227 2383 1382 2419 culmine
1417 2382 1537 2418 diffius
1567 2383 1659 2427 Papa
1689 2380 1821 2416 ibidem

1069 2434 1235 2483 migravit
1264 2437 1305 2470 X.
1334 2434 1559 2474 Decembris,
1585 2431 1643 2467 cui
1669 2429 1822 2466 succeffit

1069 2485 1269 2522 Alexander
1296 2487 1450 2530 Quartus
1477 2481 1666 2531 Episcopus
1686 2480 1820 2516 Ostien-

1069 2535 1129 2573 fis.
1156 2538 1205 2573 Et
1229 2544 1317 2572 tunc
1339 2534 1449 2572 fa&ae
1475 2533 1553 2571 sunt
1579 2545 1723 2582 magnae
1742 2530 1818 2566 stra-

1713 2593 1777 2632 ges
