2237 3068
318 254 395 293 373
541 240 796 282 DJSSERT.
828 241 1566 302 <QUINQUAGESJMAEOCTQVA
1582 269 1591 278 .
1738 257 1819 296 374

255 298 381 341 Neque
417 293 484 329 fine
522 297 794 333 consideratione
830 298 1011 333 eumitren-
1040 300 1097 332 A
1173 296 1348 332 Adferunt
1376 296 1549 332 mekotes
1580 299 1710 333 Romae
1739 302 1879 335 Subar-

252 348 335 381 dum
364 347 535 381 Graecum
566 352 615 383 H.
644 347 696 383 ibi
738 348 870 396 semper
897 360 959 396 pro
986 351 1013 382 I.
1122 359 1243 382 raneae
1269 370 1280 385 ‚
1328 355 1432 394 atque
1480 346 1553 395 ipse
1602 349 1881 385 accuratiffimus

251 396 480 445 usurpatum:
510 398 603 444 quod
631 399 783 435 Saeculis
810 398 895 434 adeo
922 397 1011 433 anti·
1123 397 1306 433 Boldettus
1330 423 1341 442 ‚
1369 397 1614 445 Inscriptiones
1651 398 1722 445 post
1760 411 1880 448 pacem

247 447 325 495 quis
346 445 463 482 nescio
490 449 593 494 qnam
623 449 710 485 bene
727 449 923 485 tribuatur.
942 450 1010 484 Ro·
1123 448 1292 483 Ecclefiae
1331 461 1349 483 a
1376 449 1608 485 Constantino
1634 448 1770 499 Magno
1806 450 1881 487 red-

248 497 344 534 mani
379 497 441 545 ipfi
459 525 468 541 ‚
497 502 548 533 uti
586 498 761 536 interdum
799 500 927 535 habent
954 512 1008 535 ve—
1121 498 1229 533 diram
1247 523 1257 538 ,
1285 511 1396 547 neque
1422 498 1482 535 sub
1518 500 1659 543 Juliano
1687 501 1880 550 Apostata,

249 557 337 584 tetes
357 548 490 594 lapides
507 573 517 589 ,
533 550 712 597 geminum
733 554 780 586 II.
804 549 1010 588 scribebant,
1123 548 1297 584 confeffls
1313 563 1418 597 ‚quas
1446 550 1723 587 Christianorum
1754 565 1880 588 monu-

249 597 342 645 quafi
381 603 417 632 H
455 600 656 645 Graecum,
693 610 734 637 ut
772 603 801 635 E
838 600 1008 637 Latinum
1124 600 1251 635 mentis
1291 613 1358 635 una
1402 612 1481 635 cum
1525 602 1664 637 Palmae
1713 603 1882 648 Symbola

248 649 503 698 exprimerent.
531 650 633 686 Alias
661 650 910 699 inscriptiones
941 652 1008 686 La·
1124 649 1291 697 appositas
1324 649 1423 685 fuiffe
1459 659 1557 699 patet
1580 677 1590 686 .
1629 654 1760 689 Hercle
1795 664 1881 689 tunc

249 699 342 735 tinas
366 723 378 738 ,
404 700 548 735 Graecis
575 701 829 738 charaeta-ibus
867 700 1010 748 scriptas
1049 723 1075 756 B
1123 701 1238 736 nullos
1274 702 1448 747 Martyres
1490 703 1603 738 Roma
1648 704 1846 740 numeravit
1869 728 1882 745 2

250 748 382 798 profert
419 750 601 786 Fabrettus
636 765 715 801 pag.
755 764 839 800 390.
882 751 922 786 In
963 750 1009 786 iis
1122 763 1160 785 ac
1188 759 1367 798 propterea
1395 750 1569 799 reliquum
1607 752 1680 797 est,
1707 764 1747 790 ut
1773 753 1880 791 intel-

251 805 330 834 Hta
353 813 414 847 pro
444 802 485 835 E.
515 800 714 848 usurpatum
732 815 868 849 ‚neque
896 805 923 835 J.
951 813 1010 847 per
1121 801 1293 849 ligamus,
1331 802 1484 837 Palmam
1524 816 1544 838 a
1579 802 1785 840 Christianis
1825 806 1880 841 in-

250 855 300 887 H.
328 850 521 898 expressum
551 851 667 887 videas
689 878 697 888 .
740 854 858 898 Quare
894 850 1009 886 haffle-
1122 850 1278 899 scriptam
1320 852 1556 888 monumentis
1596 853 1837 890 defunfflorum
1866 880 1878 895 ‚

248 914 312 936 nus
340 902 437 937 nulla
465 900 497 936 se
533 902 634 938 nobis
670 903 805 938 obtulit
840 915 884 937 ex
919 900 1010 936 anti·
1121 901 1162 936 ad
1190 900 1429 949 designandam
1457 903 1568 938 vitam
1605 905 1706 940 nobis
1734 906 1881 954 promis-

245 951 384 1000 quitate
423 951 533 999 petita
568 952 661 988 ratio
683 977 694 994 ,
737 952 984 988 austeritasve
1122 950 1192 986 sam
1220 952 1292 997 post
1320 960 1462 987 mortem
1483 978 1494 996 ‚
1521 965 1592 988 non
1619 968 1702 991 vero
1729 965 1881 992 mortem

244 1015 332 1050 quae
354 1006 500 1036 Palmam
527 1015 589 1050 pro
615 1002 692 1038 unis
713 1001 933 1047 Many-ribus
959 1000 1011 1035 fi)
1122 1013 1184 1047 pro
1209 1000 1348 1036 Christo
1387 1003 1573 1039 toleratam
1597 1031 1607 1040 .
1649 1007 1772 1053 Itaque
1813 1008 1882 1041 Bo-

248 1059 390 1100 gnatam
436 1051 475 1087 in
523 1053 756 1087 Coemeteriis
798 1050 1006 1087 Christianis
1038 1074 1041 1096 ¹
1092 1045 1095 1091 Ι
1124 1049 1188 1085 fius
1223 1051 1304 1086 Lib.
1332 1050 1397 1086 Ill.
1424 1054 1509 1100 Cap.
1538 1066 1574 1099 4.
1602 1056 1705 1090 Rom.
1741 1057 1881 1091 Subtcr-

247 1102 388 1136 evincat
411 1125 422 1143 ‚
449 1100 620 1148 nobisque
646 1101 905 1138 dubitationem
933 1112 1007 1134 om-

247 1162 328 1186 nem
355 1148 511 1197 eripiat.
547 1153 663 1187 Immo
700 1164 807 1187 unum
836 1149 981 1199 superest
998 1175 1008 1193 ,

246 1199 339 1249 quod
378 1200 632 1238 controversiae
668 1202 748 1238 huic
788 1199 1008 1237 dirimendae

246 1249 462 1300 aptiffimum
490 1251 636 1301 quisque
663 1252 921 1302 deprehendet.

1051 1095 1094 1131 C
1123 1113 1196 1135 ran.
1222 1100 1315 1134 hunc
1342 1100 1492 1146 lapidem
1531 1104 1710 1151 evulgavit
1731 1131 1742 1148 ,
1768 1106 1883 1142 adhue

1091 1149 1096 1230 l
1123 1149 1162 1185 in
1189 1149 1333 1186 Bafilica
1368 1151 1486 1187 Sanffi
1515 1153 1617 1188 Pauli
1651 1154 1883 1192 existentem.

1087 1236 1100 1271 l

244 1350 282 1401 0
302 1353 392 1388 HIC
413 1353 712 1398 REQvn-:SCIT
736 1354 790 1388 IN
814 1353 942 1388 PACE
963 1351 1194 1387 DEVSDET
1213 1350 1306 1397 QVI
1327 1352 1469 1388 VIXIT
1488 1353 1662 1390 ANNVS
1684 1356 1710 1390 P
1729 1356 1783 1392 M.
1802 1358 1879 1393 XX.

315 1427 583 1464 DEPoslTvs
608 1429 699 1464 EST
725 1429 805 1464 XV.
835 1429 953 1465 ΚΑΙ...
980 1426 1142 1462 ΜΑῐΑς
1169 1427 1369 1462 ITERVM
1398 1427 1482 1462 Pos
1507 1412 1613 1465 CER
1642 1431 1855 1469 PAVLINI

1009 1502 1136 1627 Q

389 1638 629 1690 LEAPAT.
645 1655 1072 1700 LAVRENTIQVEM
1088 1657 1128 1692 31
1145 1655 1270 1691 VIVO
1286 1651 1466 1691 COMPA

248 1647 551 1845 QRAVIT
577 1731 667 1767 SOL
689 1731 799 1766 TRIS
826 1732 892 1767 ET
918 1732 1146 1768 TRIMISSE

241 1893 308 1945 ITG
334 1904 418 1945 idest
437 1908 553 1940 Locus.
580 1906 683 1941 Hanc
710 1904 771 1941 fibi
800 1905 1000 1951 Inscriptio-

241 1972 320 1994 nem
349 1955 476 2006 objicit
514 1955 720 1991 sinceritatis
748 1956 998 1994 amantissimus

242 2009 426 2046 Boldettus
455 2006 536 2043 Lib.
567 2008 668 2042 Prim.
695 2005 785 2054 Cap.
816 2017 863 2052 30
889 2021 995 2056 quum

1044 1911 1074 1944 D
1112 1906 1150 1944 in
1186 1908 1379 1948 Occidente
1420 1914 1607 1966 proceffit;
1637 1922 1667 1953 δι
1704 1918 1873 1966 quoniam

1082 1987 1083 2002 ¹
1113 1959 1280 1995 Consules
1317 1963 1561 2002 occidentales
1598 1977 1672 2003 tum
1710 1969 1834 2006 desiere
1859 1994 1872 2010 ‚

1081 2018 1083 2049 j·
1113 2018 1292 2057 propterea
1319 2024 1378 2059 per
1404 2015 1541 2063 aliquot
1582 2017 1721 2055 subinde
1750 2022 1873 2056 Annos

240 2059 349 2107 ipsam
380 2056 528 2107 spefiare
551 2056 666 2093 Bofius
694 2056 827 2092 censeat
856 2059 896 2093 ad
916 2063 993 2093 Pau-
1109 2059 1147 2095 in
1176 2060 1280 2096 Fastis
1308 2064 1511 2101 adnotatum
1542 2066 1610 2104 fuit
1632 2072 1697 2111 Pol}
1723 2070 1870 2118 Confida-

241 2113 340 2145 linum
359 2111 525 2156 juniorem
540 2108 719 2153 Consulem.
746 2109 841 2142 Tum
864 2108 999 2156 respon·
1109 2121 1176 2144 tum
1205 2114 1355 2153 Paulini,
1378 2116 1439 2162 qui
1459 2119 1577 2163 Junior
1604 2121 1795 2167 appellatus
1823 2120 1869 2157 est

240 2160 323 2200 det,
352 2160 465 2196 varios
503 2159 663 2193 Paulinus
700 2155 931 2193 Consulatum
971 2159 994 2196 i·
1108 2159 1260 2207 respee’cu
1292 2168 1424 2200 Paulini
1465 2170 1561 2203 Decii
1588 2174 1730 2205 Consulis
1759 2175 1868 2207 Anno

242 2211 340 2247 niiffe
357 2237 367 2255 ‚
393 2212 498 2248 Anno
526 2208 692 2243 videlicet
719 2208 846 2249 Christi
867 2211 997 2246 LXVI.
1109 2212 1413 2252 CCCCXCVHI.
1452 2217 1542 2254 Vide
1582 2220 1870 2258 Differtationem

242 2264 457 2298 CCCXXV.
472 2260 784 2296 CCCXXXIVA&
799 2261 998 2297 CCCLlV.
1109 2263 1242 2298 LXVI.
1269 2263 1310 2298 de
1339 2269 1543 2314 Monasteriz's
1569 2274 1786 2306 Monialium.
1809 2272 1870 2309 ubi

243 2325 281 2348 ac
318 2312 462 2361 proinde
502 2311 674 2346 incertum
721 2310 813 2349 effe,
851 2310 996 2358 quinam
1109 2312 1252 2348 alteram
1290 2314 1560 2366 Inscriptionem
1601 2321 1678 2358 dedi
1717 2323 1868 2371 ejusdem

242 2365 365 2399 Annus
395 2363 467 2399 heic
495 2361 688 2408 defignetur
709 2387 718 2396 .
760 2361 822 2396 Sed
863 2365 995 2397 veniam
1038 2367 1065 2400 E
1110 2365 1244 2398 Paulini
1271 2367 1415 2404 nomine
1443 2368 1629 2418 signatam.
1669 2374 1731 2409 Sed
1770 2375 1801 2409 δ(
1832 2387 1868 2410 u-

242 2413 332 2448 mihi
370 2414 428 2448 det
464 2410 728 2448 humaniffimus
746 2438 756 2455 ,
783 2411 997 2448 doetiffimu-
1111 2425 1189 2449 nam
1218 2427 1309 2451 nunc
1336 2417 1509 2467 adjungo,
1537 2434 1639 2469 quam
1669 2423 1727 2459 Cl.
1758 2426 1800 2459 V.
1823 2426 1868 2459 D.

245 2463 325 2510 sque
354 2463 535 2500 Boldettus
560 2488 569 2498 .
613 2464 729 2498 Nemo
770 2462 858 2498 alius
894 2463 929 2498 in
958 2476 996 2498 ea
1110 2463 1240 2512 Gaspar
1267 2467 1423 2504 Berettus
1451 2471 1700 2509 Benedistinus
1741 2476 1868 2509 Mona-

242 2513 473 2560 Inscriptione
499 2521 733 2553 memoratur,
751 2512 812 2548 nisi
830 2516 995 2553 Paulinus,
1110 2514 1194 2551 chus
1214 2541 1225 2560 ,
1252 2517 1448 2555 Ticinenfis
1484 2522 1575 2559 olim
1603 2524 1783 2569 Gymnafii
1809 2524 1865 2559 de·

238 2563 300 2611 qui
331 2566 436 2600 Anno
472 2563 603 2601 Christi
633 2566 833 2599 Dxxxlv.
861 2563 995 2601 Consul
1109 2578 1168 2602 cus
1194 2566 1236 2602 ad
1264 2580 1318 2605 me
1345 2569 1462 2607 mifit.

1757 2625 1821 2660 Ti=
