2237 3068
301 254 509 332 ἐεςιιξάἱᾶυς
536 293 624 331 sedit
651 297 777 331 Annos
812 294 910 332 XIII.

300 346 460 382 Silvester
487 346 575 382 sedit
604 348 686 382 Dies
713 346 814 383 LVI.

298 398 488 447 Gregorius
516 397 605 434 sedit
631 400 757 434 Annos
784 396 832 433 II.
870 395 1010 433 Menses

297 499 466 536 Clemens
508 498 598 536 sedit
636 497 775 536 Menses
818 501 880 535 IX.
925 498 1009 535 Dies

301 600 491 641 Damasus,
518 600 580 649 qui
607 602 641 637 &
670 601 790 650 Popo,
816 599 905 637 sedit
926 599 1009 637 Dies

248 653 418 688 XXXIII.

299 704 375 739 Leo
392 730 402 747 ,

247 751 428 801 piscopus‚
456 753 543 789 sedit
571 756 695 788 Annos
723 755 768 788 V.
797 752 936 788 Menses
966 754 1008 787 ΙΙ.

248 803 334 840 Dies
361 803 432 840 V11
478 804 592 851 Hujus
622 814 777 851 tempore
814 804 932 839 beatus
959 806 1007 837 O-

249 853 324 889 dilo
360 853 598 890 Cluniacenfis
637 855 756 890 Abbas
795 856 902 889 Anno
938 855 1008 889 Do-

248 903 397 940 minicae
427 904 684 940 Incarnationis
713 905 928 940 MXLVIII.
956 917 1007 939 ae·

247 954 331 990 tatis
359 964 475 990 autem
507 955 585 990 suae
622 956 843 990 LXXXVII.
871 954 1004 990 ordina-

245 1003 356 1039 tionis
392 1008 473 1040 vero
510 1006 642 1040 XLVI.
681 1005 718 1039 εὲι
755 1004 884 1046 none,
921 1017 1008 1052 quae

245 1054 458 1089 Dominicae
503 1054 790 1090 Circumcifionis
838 1054 1004 1090 solemnia

243 1103 490 1152 praecedebat,
528 1103 761 1139 Silviniacum
796 1104 911 1147 obiit,
939 1104 1003 1140 ibi-

244 1166 313 1201 que
364 1167 440 1190 cum
493 1154 742 1200 praedecessore
789 1154 849 1189 suo
905 1155 1005 1190 beato

243 1202 385 1253 Majolo
413 1203 565 1253 sepultus
593 1204 752 1252 quievit.
781 1205 851 1240 Cui
879 1204 1004 1241 succes>

663 239 1278 333 CHROKJIC

430 705 488 750 qui
515 703 547 738 &
577 704 716 742 Bruno,
753 701 927 738 Tullenfis
963 704 1007 737 E·
1031 726 1035 750 ,-

1031 751 1035 796 ξ
1049 756 1077 789 Β

1040 1204 1071 1239 C

243 1253 285 1290 fit
312 1257 472 1291 Domnus
501 1258 608 1302 Hugo
639 1255 754 1290 Abbas
791 1254 1002 1291 Cluniacen·
1027 1243 1032 1282 l

243 1304 305 1348 fis,
330 1318 408 1353 prae
436 1307 559 1342 ceteris
588 1319 732 1353 genere,
753 1306 1002 1352 eleemosyni5‚

242 1356 447 1404 prophetiae
475 1355 599 1404 spiritu
628 1357 761 1391 clarus.

294 1405 446 1446 Vi&or‚
483 1406 544 1453 qui
582 1407 612 1440 ἃ
652 1405 879 1449 Gebeardus‚
917 1406 1003 1443 sedit

242 1456 368 1492 Annos
396 1458 442 1492 11.
471 1455 609 1493 Menses
638 1456 702 1492 lll.
729 1456 800 1493 dies
828 1459 891 1492 VI.

293 1506 506 1553 Stephanus,
537 1506 597 1554 qui
625 1507 736 1542 diffius
768 1507 812 1542 est
852 1507 999 1544 Frideri—

239 1569 320 1596 cus,
350 1556 434 1592 sedit
463 1556 600 1592 Menses
629 1558 708 1592 Vll.
741 1559 823 1593 Dies
853 1557 914 1594 lx.

292 1607 495 1642 Benediaus
518 1607 764 1643 Veliternensis
789 1608 1000 1658 Episcopus,

238 1655 328 1694 sedit
358 1657 493 1693 Menses
522 1659 583 1694 lx.
613 1659 696 1694 Dies
726 1660 805 1694 ΧΠ.

291 1707 485 1750 Nimlaus,
521 1708 583 1755 qui
617 1713 647 1742 δε
683 1709 874 1748 Get-aldus,
911 1709 998 1747 sedit

238 1759 365 1795 Annos
394 1759 439 1793 11.
467 1758 605 1794 Menses
634 1761 694 1794 XI.
724 1759 807 1794 Dies
837 1762 913 1794 XV.

293 1807 518 1852 Alexander,
544 1808 607 1857 qui
644 1808 680 1845 &
718 1809 922 1848 Anselmus,
952 1810 997 1846 se-

241 1856 295 1893 dit
320 1860 442 1894 Annos
465 1860 525 1894 XI.
545 1859 681 1895 Menses
703 1861 747 1895 V.
775 1860 857 1895 Dies
886 1863 996 1897 XXV.

289 1908 500 1957 Gregorius,
528 1912 586 1957 qui
614 1910 645 1944 ἃ
677 1909 920 1949 ildebrandus,
948 1911 992 1946 se-

234 1956 289 1994 dit
311 1960 433 1994 Annos
452 1960 531 1995 111.
552 1958 710 1995 Mensem
733 1961 758 1994 Ι.
778 1960 860 1996 Dies
880 1962 992 1997 XXII.

286 2008 434 2053 Vistor,
462 2009 524 2057 qui
552 2009 589 2046 &
620 2009 836 2054 Defiderius‚
873 2012 992 2047 Abbas

232 2057 446 2099 Cafinenfis‚
488 2058 577 2096 sedit
620 2060 757 2096 Menses
798 2061 863 2098 IV.
907 2062 991 2098 Dies

281 2160 464 2200 Urbanus,
502 2160 565 2209 qui
599 2162 634 2196 δε
671 2161 802 2203 Oddo,
838 2161 986 2199 Clunia-

229 2209 335 2247 eenfis
362 2210 586 2255 Monachus,
620 2212 731 2260 postea
759 2211 916 2249 Ostiensis
946 2216 989 2249 Ε-

228 2260 412 2310 piscopus,
449 2262 536 2298 sedit
572 2263 697 2299 Annos
736 2265 814 2299 XII.
850 2263 988 2301 Menses

229 2313 293 2348 Vl.
330 2312 403 2348 Hic
439 2313 572 2361 primus
607 2313 676 2350 iter
711 2315 750 2349 ad
789 2314 986 2363 capiendam

230 2361 448 2398 Hierusalem
476 2364 513 2400 in
541 2365 821 2400 claromontensi
858 2366 987 2402 Conci-

229 2411 281 2447 lio
319 2414 551 2461 praedicavit‚
578 2416 612 2450 &
643 2415 861 2463 praevaluit.
893 2419 985 2453 Nam

228 2475 248 2498 a
275 2464 414 2500 Francis
442 2475 541 2514 capta
568 2466 612 2501 est
639 2468 672 2502 δε
701 2476 858 2510 retenta,
893 2467 985 2504 fastu

229 2511 350 2561 ibique
387 2517 478 2564 Rege
513 2516 741 2563 Christiano,
783 2517 1012 2573 Godofredo⁴

227 2564 326 2600 Duce
352 2566 688 2617 Lotharingiorum.
1005 2575 1013 2609 Ξ

1039 1659 1068 1692 D

1034 2111 1061 2144 E

1338 241 1373 280 Ο
1434 242 1479 280 N
1749 249 1830 285 155

1177 294 1372 337 Paschalis,
1399 297 1462 344 qui
1490 297 1524 333 8<
1554 296 1737 334 Rainerius
1762 300 1889 337 cardi-

1121 344 1244 389 nalis,
1288 346 1376 384 sedit
1419 351 1544 385 Annos
1587 350 1703 385 xvn.
1745 349 1886 388 Menses

1119 397 1202 432 Vll.
1231 396 1315 434 Dies
1344 400 1389 435 ΙΙ.
1417 400 1525 449 Hugo
1548 400 1787 437 cluniacenfis
1809 402 1884 438 Ab-

1118 446 1178 483 bas
1205 448 1317 484 obiit.
1357 449 1464 486 Rexit
1501 461 1617 487 autem
1650 452 1881 488 Cluniacense

1118 496 1344 535 Coenobium
1392 514 1451 549 per
1501 503 1627 538 Annos
1675 502 1883 551 sexaginta,

1119 548 1258 585 Menses
1285 551 1395 594 duos,
1423 550 1508 587 Dies
1535 552 1641 598 οδὶο,
1669 552 1727 589 cui
1754 553 1884 590 succes-

1118 597 1161 635 fic
1189 601 1348 637 Domnus
1378 601 1545 639 Pontius.

1170 650 1351 697 Gelafius‚
1379 653 1442 701 qui
1480 654 1513 688 &
1551 653 1722 697 Iohannes
1758 657 1884 692 Gaffira-

1119 713 1206 746 nus,
1234 702 1322 738 sedit
1349 705 1458 740 Anno
1496 705 1522 739 1.
1558 706 1724 741 Mortuus
1752 705 1797 741 est
1824 720 1884 741 au-

1118 759 1190 787 tem
1235 751 1430 798 Cluniaci,
1475 753 1628 802 sepultus
1674 755 1712 791 in
1758 757 1882 793 eodem

1118 800 1333 839 Monasterio
1357 805 1456 851 juxta
1476 806 1602 841 Altare
1623 805 1766 842 sanetae
1789 806 1883 843 Cru-

1118 852 1187 888 cis.
1218 854 1281 888 Per
1308 854 1390 890 haec
1419 866 1574 904 tempora
1603 858 1764 892 Domnus
1793 858 1883 892 Pon-

1117 901 1188 938 tius
1226 904 1344 940 Abbas
1367 932 1377 949 ‚
1419 906 1480 954 qui
1518 906 1695 955 praediffio
1733 906 1882 955 Hugoni

1117 951 1317 990 successerat
1344 982 1354 998 ,
1407 956 1628 992 Cluniacenfi
1688 956 1880 994 coenobio

1117 1003 1269 1048 praefuit
1296 1004 1413 1042 Annis
1443 1007 1610 1043 tredecim
1629 1034 1637 1043 .
1668 1008 1744 1043 Post
1773 1020 1878 1056 quem

1117 1055 1276 1089 Domnus
1304 1057 1413 1104 Hugo
1443 1057 1618 1093 Secundus
1645 1057 1757 1094 eidem
1796 1061 1879 1094 Mo-

1115 1104 1261 1139 nafterio
1308 1106 1419 1142 tribus
1470 1107 1648 1143 Menfibus
1698 1108 1848 1156 praefuit
1869 1135 1880 1145 .

1114 1155 1197 1199 Quo
1251 1154 1355 1191 etiam
1413 1157 1627 1207 defungente
1681 1159 1847 1196 Cluniaci
1869 1185 1880 1204 ‚

1117 1206 1271 1241 Domnus
1324 1208 1445 1244 Petrus
1499 1208 1708 1245 venerabilis
1759 1211 1879 1247 Abbas

1113 1256 1257 1291 natione
1285 1258 1466 1295 Arvernus
1494 1258 1588 1295 idem
1621 1259 1876 1297 Monasserium

1112 1307 1298 1355 regendum
1330 1307 1500 1357 suscepit.

1162 1359 1349 1402 calixtus,
1370 1361 1431 1407 qui
1453 1362 1485 1395 ἃ
1508 1360 1649 1406 Guido,
1672 1361 1877 1399 Viennensis

1111 1407 1428 1457 Archiepiscopus‚
1457 1412 1545 1447 sedit
1577 1414 1700 1448 Annos
1730 1415 1773 1448 V.

1162 1459 1365 1499 Honorius,
1392 1460 1454 1508 qui
1491 1463 1523 1496 8<
1564 1464 1796 1503 Lambertus,
1825 1467 1875 1500 O·

1111 1507 1235 1543 stienfis
1273 1510 1494 1559 Episcopus,
1537 1511 1626 1548 sedit
1666 1516 1791 1549 Annos
1830 1518 1874 1550 V.

1111 1559 1225 1605 Hujus
1263 1569 1416 1608 tempore
1454 1574 1610 1598 mortuus
1648 1564 1692 1599 est
1732 1565 1875 1602 Pontius

1111 1610 1231 1645 Abbas
1259 1612 1496 1648 Cluniacenlis
1528 1616 1680 1654 Rornae,
1721 1614 1874 1663 sepultus

1111 1658 1147 1695 in
1178 1660 1323 1697 Bafilica
1351 1663 1468 1699 Sanffi
1496 1665 1662 1713 Gregorii
1693 1667 1804 1714 Papae
1830 1667 1873 1703 ad

1110 1709 1259 1746 Clivum
1288 1713 1426 1750 Scauri.

1162 1762 1388 1799 Innocentius
1408 1788 1418 1803 ,
1462 1765 1523 1812 qui
1569 1766 1604 1800 &
1649 1767 1869 1814 Gregoriusj

1111 1810 1287 1848 Diaconus
1327 1814 1441 1850 saneti
1479 1815 1632 1864 Angeli,
1671 1817 1758 1852 sedit
1799 1820 1871 1854 An-

1108 1874 1170 1896 nos
1201 1864 1296 1899 XIV.
1325 1866 1416 1899 Cum
1447 1865 1508 1900 isto
1535 1866 1716 1903 ordinatus
1737 1868 1780 1903 est
1809 1870 1870 1905 Pe-

1108 1921 1179 1947 trus
1208 1914 1361 1953 Leonise
1391 1914 1587 1951 Monachus
1621 1917 1754 1954 scilicet
1781 1920 1867 1955 <ilu-

1107 1961 1291 1999 niacenfis.
1322 1964 1473 2011 Fuitque
1500 1967 1655 2002 dzff-nfio
1685 1982 1807 2017 magna
1827 1969 1868 2006 in

1106 2010 1216 2048 Clero
1252 2013 1290 2050 &
1330 2016 1465 2065 Populo
1505 2031 1562 2065 per
1601 2020 1729 2054 multos
1767 2020 1867 2057 dies.

1106 2063 1211 2108 Quod
1240 2065 1381 2101 audiens
1409 2067 1559 2104 Ecclesia
1586 2069 1793 2115 Gallicana,
1813 2070 1868 2108 su-

1105 2112 1267 2151 nentavit
1313 2126 1423 2165 partes
1471 2118 1670 2155 Innocentii
1721 2122 1830 2169 Papae
1853 2148 1866 2158 .

1104 2165 1252 2201 Mortuo
1289 2170 1371 2203 vero
1410 2170 1513 2204 Petro
1551 2171 1671 2206 Leone
1710 2173 1863 2218 Rorrae,

1104 2218 1134 2249 sc
1162 2228 1179 2250 a
1208 2215 1275 2252 suis
1303 2216 1424 2254 furtim
1454 2218 1578 2268 igno·o
1606 2221 1684 2256 loco
1707 2222 1863 2269 sepulto,

1103 2266 1330 2304 Innocentius
1362 2272 1539 2306 Romanae
1572 2271 1741 2308 Bet-lesse
1770 2273 1863 2309 testi-

1101 2324 1196 2352 tutus
1223 2318 1289 2354 est.
1318 2319 1390 2355 Hic
1426 2321 1612 2357 Ecclesiam
1647 2322 1862 2359 cloniacen-

1100 2365 1167 2402 sem
1205 2367 1242 2404 in
1280 2368 1467 2407 festivitate
1505 2372 1682 2408 beatorum
1725 2376 1859 2420 Marty-

1099 2430 1176 2454 rum
1218 2417 1375 2469 Crispini
1411 2422 1446 2456 δε
1482 2422 1701 2472 crispiniani
1742 2426 1858 2460 conse-

1099 2469 1230 2506 cravit.

1148 2520 1362 2558 Caelestinus
1380 2549 1390 2565 ‚
1420 2523 1481 2570 qui
1509 2525 1539 2559 8<
1574 2524 1692 2561 Guido
1720 2525 1761 2560 de
1789 2526 1859 2561 Ca-

1097 2568 1210 2609 stella,
1241 2571 1326 2609 sedit
1353 2574 1490 2610 Menses
1518 2577 1563 2610 V.

1135 2622 1167 2658 L
1197 2633 1217 2656 a.
1672 2624 1804 2662 Lucius
