2237 3068
438 240 523 279 ²19
790 233 1597 277 CHRONICON
1866 255 1950 284 220

379 297 462 320 num
492 284 677 322 corruifl‘e.
713 288 760 321 Et
787 285 853 322 hoc
881 289 990 325 Anno
1016 299 1137 340 captus
1178 295 1211 330 A
1255 299 1308 327 ter
1335 291 1518 333 scribitur,
1547 294 1638 342 quod
1665 295 1786 333 deinde
1821 298 2016 345 Stephanus

380 335 449 372 fuit
476 337 641 373 Ezelinus
668 336 711 372 de
740 339 923 375 Romano.
1255 343 1329 379 Rex
1384 344 1560 392 Ungariae
1610 344 1722 392 ipsum
1775 347 2009 386 ORhacarum

671 399 685 423 1
719 399 739 422 2
768 391 790 424 6
819 401 853 424 ο.
1253 394 1382 441 Regem
1412 395 1602 430 Bohemiae
1629 409 1706 432 cum
1743 398 1906 435 Bohemis
1934 403 2009 436 Au-

431 439 476 472 D.
513 439 654 472 Marcus
690 438 862 484 Quirinus
897 439 940 477 de
976 442 1139 480 Veneriis
1251 442 1430 484 stralibus,
1459 446 1830 494 Brandiburgenfibus,
1856 451 1889 484 &
1928 451 2008 487 aliis

378 488 528 522 Potestas
567 488 721 524 paduae.
750 491 802 524 Eo
841 499 996 539 tempore
1024 493 1137 529 homi·
1251 503 1411 539 potenter
1452 496 1613 542 repulit,
1657 497 1850 535 Civitatem
1893 502 2009 537 Budae

375 550 433 572 nes
472 537 675 582 Marchiae,
703 541 735 575 δί
774 542 1008 579 Lombardiae
1047 557 1136 579 com·
1250 543 1310 579 sibi
1348 544 1517 592 subjecit,
1545 545 1582 582 &
1620 547 1778 584 fimiliter
1815 551 2007 587 Dominum

376 587 531 623 munirer
559 598 629 624 tam
658 591 700 625 de
727 590 783 626 die
811 606 914 640 quam
943 594 984 628 de
1012 594 1136 637 ῃοξὶε,
1250 595 1509 643 Bulgaronum.
1534 598 1580 632 Et
1607 597 1672 633 hoc
1701 601 1808 634 Anno
1835 603 2008 647 inceptum

376 646 456 672 ante
494 639 575 674 latis
621 641 794 678 Crucibus
841 645 1138 689 proceffionaliter
1249 644 1316 680 fuit
1348 646 1589 683 Bantisterium
1628 648 1666 684 in
1705 650 1819 686 Padi-xa
1845 654 1880 687 in
1907 652 2007 701 Vigi-

375 687 476 724 ibant
504 688 536 725 se
564 691 795 733 verberando,
833 697 909 730 Deo
937 697 1054 733 laudes
1082 711 1133 732 ca—
1247 697 1295 732 lia
1322 695 1440 732 Sancti
1467 697 1642 734 Martini.

373 748 517 779 nentes,
544 741 576 775 δι
618 753 777 790 rogantes
815 758 957 796 pacem;
986 749 1021 783 &
1051 757 1136 784 tunc
1174 747 1200 780 Β
1538 761 1554 784 1
1587 761 1607 785 2
1636 750 1660 786 6
1690 761 1721 785 1·

373 801 522 838 magnae
569 791 784 830 inimicitiae
819 796 1021 843 pacificatae
1058 799 1136 835 sunt
1297 799 1341 834 D.
1369 798 1540 842 Iohannes
1569 800 1754 836 Badoarius
1781 800 1823 843 de
1850 803 2002 838 Veneriis

372 852 434 886 per
479 854 598 878 omnes
642 843 821 882 Civitates
847 874 856 883 .
900 850 946 884 Et
991 850 1132 898 quidam
1248 849 1395 885 Potestas
1422 851 1571 886 paduae.
1594 852 1646 886 Eo
1665 861 1823 899 tempore
1843 852 1900 888 die
1922 853 2005 889 VH.

374 891 523 927 Nobiles
552 894 725 936 paduani.
748 898 808 944 qui
836 898 1038 936 exstiterant
1058 914 1134 936 cum
1245 909 1394 935 exeunte
1422 901 1521 948 Majo
1546 902 1748 938 Alexander
1777 904 1868 950 Papa
1892 905 2006 948 Quar-

371 942 521 978 Ezelino
550 945 619 991 post
654 945 756 994 ipsius
793 949 966 986 Civitatis
993 955 1132 1000 captio·
1247 959 1299 985 tus
1336 950 1428 986 obiit
1465 952 1502 987 in
1540 953 1726 996 viterbio,
1754 955 1809 989 cui
1849 953 2004 990 succeffit

371 1004 451 1027 nem
480 993 585 1041 usque
612 996 653 1032 ad
681 998 753 1046 ejus
780 1001 938 1041 obitum,
966 1006 995 1036 ὅ(
1024 1003 1131 1038 confi·
1247 1001 1411 1036 Urbanus
1448 1004 1603 1048 Quartus
1640 1003 1784 1039 natione
1818 1003 2005 1050 Gallicus,

370 1041 460 1078 lium
497 1045 662 1083 dederant
699 1049 869 1094 Ezelino,
897 1061 936 1087 ut
972 1054 1049 1099 capi
1084 1051 1131 1089 fa·
1245 1052 1306 1099 qui
1331 1053 1512 1100 ampliavit
1534 1066 1714 1089 numerum
1736 1054 2004 1098 Cardinafium,

372 1104 467 1130 ceret
502 1108 623 1132 omnes
663 1100 864 1141 Paduanos,
899 1103 1032 1139 reduSti
1061 1103 1128 1140 fue·
1245 1103 1287 1138 de
1313 1115 1463 1150 quorum
1490 1116 1634 1139 numero
1662 1103 1730 1139 fuit
1758 1106 1929 1140 Dominus
1957 1107 2003 1140 Si-

371 1153 454 1180 runt
480 1146 522 1182 ad
550 1147 696 1195 gratiam
733 1152 939 1189 Communis
978 1154 1131 1192 Paduae.
1245 1166 1326 1189 mon
1347 1153 1388 1188 de
1408 1153 1649 1190 Montesilice.
1669 1155 1715 1189 Et
1734 1154 1873 1202 quidam
1895 1157 2002 1190 Grae-

371 1196 420 1229 Ec
447 1197 575 1232 Comes
605 1200 808 1237 Veronensis
837 1216 915 1238 cum
946 1214 1041 1251 parte
1075 1205 1131 1242 sua
1172 1195 1202 1232 C
1244 1217 1302 1239 cus
1335 1205 1560 1252 palaeologus
1598 1204 1762 1247 nomine,
1789 1205 1822 1240 &
1853 1206 2002 1251 Impera-

370 1243 438 1280 fuit
465 1247 626 1295 expulsus
654 1249 893 1302 de‚Verona;
921 1255 953 1289 δ(
990 1256 1129 1302 Stepha-
1243 1264 1299 1290 tor
1334 1256 1568 1294 Graecorum,
1604 1255 1763 1291 obtinuit
1803 1255 2002 1292 Constanti-

368 1307 432 1331 nus
473 1299 547 1333 Rex
589 1301 761 1347 Ungariae
789 1304 913 1339 tertius
942 1304 1037 1341 filius
1068 1309 1126 1342 Re·
1244 1304 1401 1352 nopolim
1431 1314 1552 1340 contra
1579 1307 1854 1352 Imperatorem,
1872 1306 1907 1341 &
1932 1308 2001 1342 Ve-

367 1345 421 1392 gis
450 1348 566 1384 Bellae
597 1351 723 1398 Regem
746 1353 936 1390 Bohemiae
957 1356 1130 1392 ORacha-
1243 1364 1360 1391 netos.
1378 1354 1576 1390 Manfredus
1598 1354 1687 1391 filius
1707 1356 1870 1391 naturalis
1888 1359 1998 1403 quon-

367 1409 445 1431 rum
474 1399 641 1447 aggreffus
670 1400 757 1440 fuit,
787 1403 912 1439 habens
941 1407 973 1440 in
1003 1409 1126 1441 exerci-
1241 1405 1318 1439 dam
1359 1405 1583 1451 Imperatoris
1620 1405 1791 1441 Frederici
1821 1404 1913 1441 mifit
1941 1408 1999 1441 Sa-

367 1455 405 1482 tu
435 1446 494 1484 suo
533 1448 745 1487 diversarum
782 1454 1018 1491 Orientalium
1058 1459 1127 1492 Na>
1242 1467 1443 1490 racenoium
1480 1458 1614 1503 copiam
1655 1465 1776 1491 contra
1815 1455 1996 1491 Urbanum

367 1496 506 1533 tionum
537 1501 681 1537 CCLX.
709 1503 823 1538 millia
851 1505 1031 1552 equitum.
1063 1509 1129 1542 Cui
1240 1508 1415 1551 Quartum
1438 1517 1635 1541 manentem
1665 1507 1754 1553 apud
1776 1507 1906 1542 Urbem
1929 1509 1998 1542 Ve-

367 1549 444 1583 Rex
472 1549 687 1587 Oahacarus
719 1555 873 1590 occurrit
900 1569 977 1591 cum
1016 1558 1128 1594 CLx.
1240 1565 1368 1598 terem,
1396 1556 1457 1602 qui
1487 1570 1545 1601 per
1581 1556 1844 1605 Crucefignatos
1877 1557 1997 1593 celeri-

367 1598 527 1635 millibus
554 1601 737 1648 equitum,
762 1605 795 1639 &
825 1605 1004 1642 dicebatur
1025 1607 1126 1643 habe-
1239 1615 1292 1642 ter
1317 1605 1446 1654 expulsi
1476 1605 1577 1642 sunt.

368 1661 408 1684 re
437 1649 520 1685 VH.
549 1651 664 1687 millia
691 1666 858 1700 equorum
885 1665 1125 1704 coopertorum
1167 1650 1198 1683 D
1528 1669 1542 1692 1
1575 1669 1596 1692 2
1625 1658 1649 1693 6
1676 1669 1709 1693 2-

366 1699 407 1734 de
453 1698 544 1736 ferro
584 1701 626 1736 ad
668 1703 882 1741 resistendum
926 1708 1051 1755 cuique
1087 1710 1125 1744 in
1289 1709 1323 1741 D
1360 1707 1522 1743 Gibertus
1550 1707 1590 1742 de
1611 1709 1643 1742 la
1663 1710 1778 1743 Gente
1804 1707 1845 1744 de
1874 1709 1994 1744 Parma

361 1748 557 1786 confinibus
596 1754 818 1800 Regnorum.
851 1758 1013 1804 Cumque
1052 1759 1124 1795 bel·
1239 1757 1386 1793 Potestas
1417 1758 1570 1793 Paduae.
1602 1760 1654 1792 Eo
1681 1768 1838 1806 tempore
1866 1758 1902 1794 in
1930 1759 1994 1795 Vi-

364 1800 436 1834 lum
465 1799 579 1837 fuiffet
607 1802 834 1849 inchoatum,
857 1811 887 1842 &
915 1809 1125 1846 comestione
1236 1808 1322 1855 gilia
1351 1811 1520 1843 Omnium
1550 1808 1753 1843 Sanfi‘torum
1781 1818 1898 1844 ortum
1929 1808 1993 1845 fuit

361 1863 529 1897 equorum
567 1853 600 1887 δε
639 1853 847 1900 hominum,
875 1866 972 1894 tanta
1009 1860 1124 1906 pulvis
1235 1858 1435 1894 incendium
1465 1861 1499 1893 in
1527 1859 1633 1894 domo
1671 1860 1800 1894 Fratris
1827 1860 1992 1895 Gualma-

362 1900 404 1936 de
440 1911 530 1938 terra
559 1902 733 1950 surrexit,
763 1916 802 1942 ut
829 1908 942 1944 media
971 1909 1027 1945 die
1063 1914 1123 1947 vix
1234 1909 1290 1944 chi
1328 1908 1366 1944 in
1404 1917 1561 1944 contrata
1598 1909 1893 1957 Scrignariorum‚
1931 1922 1991 1956 per

361 1950 467 1986 homo
504 1952 680 1990 hominem
722 1957 946 2006 cognosceret
968 1986 977 1996 .
1016 1962 1121 1996 Tam·
1232 1959 1324 2005 quod
1346 1958 1416 1994 fere
1438 1969 1513 1994 tota
1540 1959 1680 1995 Civitas
1707 1960 1776 1996 fuit
1794 1960 1990 2006 combusta,

360 2001 436 2037 dem
470 2005 561 2052 Rege
598 2006 773 2053 Stephano
811 2010 1016 2053 vulneram,
1046 2014 1123 2047 Un-
1232 2009 1268 2046 &
1308 2010 1461 2046 maxime
1497 2010 1587 2046 circa
1624 2010 1783 2046 Sanctam
1819 2013 1988 2047 Luciam.

359 2052 433 2094 gari
461 2062 556 2102 terga
594 2065 795 2101 verterunt,
824 2061 858 2094 &
899 2073 977 2096 cum
1006 2061 1122 2108 fugere
1233 2063 1278 2095 Et
1306 2059 1366 2096 sub
1401 2060 1521 2096 eodem
1566 2061 1732 2096 Potestate
1765 2061 1801 2095 in
1831 2061 1985 2107 sequenti

360 2101 580 2148 festinarent,
608 2105 646 2140 in
686 2106 796 2144 fluvio
834 2111 950 2146 Recha
984 2101 1186 2157 profan-IE
1228 2110 1417 2146 Millefimo
1458 2110 1494 2145 in
1541 2110 1675 2145 Offlava
1730 2110 1874 2145 Paschae
1915 2110 1983 2169 fuit

358 2150 498 2188 distin-10
520 2177 531 2193 ‚
573 2167 676 2201 quem
727 2159 866 2194 transire
903 2161 1089 2197 credebant
1111 2190 1121 2208 ,
1225 2161 1432 2195 translatum
1486 2162 1621 2205 Corpus
1672 2161 1771 2195 Beati
1825 2161 1980 2197 Antonii

358 2212 493 2248 praeter
519 2204 607 2239 alios
635 2207 766 2244 occisos
783 2237 792 2253 ,
820 2210 937 2246 xlm.
968 2212 1118 2248 millium
1225 2209 1440 2246 confessoris
1468 2210 1509 2245 de
1535 2210 1669 2245 Ordine
1695 2210 1900 2246 Minorum-
1927 2212 1980 2247 Eo

357 2252 543 2289 hominum
571 2255 777 2294 dicebantur
804 2259 902 2295 fuisse
939 2260 1119 2299 submerfi.
1227 2269 1382 2307 tempore
1406 2260 1500 2296 obiit
1521 2263 1599 2296 Azo
1625 2260 1789 2296 Marchio
1816 2260 1979 2306 Estenfis,

358 2304 461 2339 Tunc
493 2305 566 2340 Rex
601 2307 790 2345 Bohemiae
828 2310 944 2346 habita
973 2312 1117 2348 vifi’coria
1227 2310 1282 2346 cui
1310 2310 1465 2346 succeffit
1501 2311 1616 2346 obizo
1652 2311 1725 2356 ejus
1753 2324 1858 2359 nepos
1886 2310 1981 2348 filius

359 2353 508 2390 intravit
552 2355 770 2405 Ungariam.
807 2360 999 2404 Stephanus
1042 2365 1117 2398 Rex
1225 2360 1397 2407 quondam
1434 2361 1606 2406 Raynaldi
1633 2360 1789 2397 defunEii
1818 2362 1853 2397 in
1884 2364 1979 2410 Apu-

357 2406 530 2452 Ungariae
567 2419 684 2453 pacem
724 2413 882 2456 quaerit,
918 2412 950 2445 &
992 2414 1116 2448 Terras
1224 2411 1296 2451 lia,
1333 2411 1394 2457 qui
1423 2410 1491 2447 fuit
1518 2411 1616 2448 datus
1644 2413 1739 2448 obses
1771 2412 1979 2462 Imperatori

354 2455 510 2495 ablatas,
538 2468 624 2503 quae
652 2469 749 2494 erant
777 2460 874 2495 causa
902 2461 1115 2502 discordiae,
1224 2461 1423 2498 frederico.

352 2505 524 2550 restituit,
558 2513 585 2541 ἃ
620 2508 769 2545 futuram
811 2511 1005 2548 amicitiam
1044 2527 1112 2548 rne-

354 2555 472 2593 diante
498 2558 728 2596 matrimonio
754 2561 980 2599 confirmavit
996 2589 1004 2599 .
1032 2563 1112 2601 Ali·
1870 2616 1891 2652 6

1821 2627 1864 2652 12
1894 2626 1925 2662 3-
