2237 3068
295 228 345 265 19

584 212 1510 263 SUBLACENSE.

1751 232 1806 260 20

229 270 330 305 sterio
357 268 508 310 Libros,
537 269 719 304 Paraturas
746 267 896 316 optimas
914 292 924 308 ‚
952 267 990 305 δί
1030 271 1065 306 A
1105 268 1182 303 bros
1219 267 1406 306 secundum
1445 269 1634 308 Pascafium
1657 298 1668 316 ‚
1709 273 1866 313 Moralia

229 319 452 356 Hereditates
482 319 609 354 multas
637 318 843 367 acquisivit.
873 318 989 354 Postea

229 379 372 415 eaptus,
399 370 432 405 81
461 371 495 404 in
523 368 703 413 Castrum,
731 369 825 416 quod
854 370 989 404 Monti—

228 421 356 456 cenum
390 419 544 464 dicitur,
579 419 725 464 ἀυὸἶιις,
760 419 800 455 in
837 420 990 456 vinculis

227 471 396 520 religatus
423 470 484 506 est.
515 473 599 516 Quo
627 483 704 506 cum
735 470 889 518 jaceret,
918 483 984 506 me—

228 521 302 559 ruit
329 535 348 558 a
377 522 478 558 beato
508 522 662 558 Nicolao
689 520 821 558 vifitari
849 521 887 558 in
914 521 987 573 {an—

228 571 288 608 Εὶο
315 571 392 609 suae
416 570 606 608 festivitatis
629 572 708 612 die,
737 586 755 608 a
780 585 851 619 quo
874 574 988 608 omnia

226 623 370 660 vincula
395 624 468 671 ejus
495 622 629 671 irrupta
656 622 758 673 sunt3
787 636 867 658 nam
893 622 985 658 idem

226 675 347 710 Abbas
384 673 604 710 devotiffime
642 675 751 710 Beato
778 673 986 722 obsequeba-

226 731 286 760 tur
315 725 487 761 Nicolao.
515 726 679 774 Cumque
705 724 916 761 Custodibus
945 725 987 759 ab

226 775 350 811 eodem
390 775 529 811 Abbate
565 785 742 825 receptum
780 775 986 811 beneficium

224 823 432 862 intimatum
478 825 594 862 fuifl'et
619 853 630 870 ‚
679 826 858 873 duplicata
908 826 987 861 sunt

225 875 367 912 vincula
395 876 494 925 super
519 890 597 913 eum
616 904 627 919 ‚
655 881 685 912 &
714 876 914 913 sustentatus
942 876 987 912 est

227 926 334 962 etiarn
363 926 415 963 ibi
444 940 530 975 pane
558 927 802 963 tribulationis
828 928 861 963 &
898 939 987 974 aqua

226 977 400 1026 angustiae
435 990 497 1025 per
532 978 678 1025 aliquod
714 986 871 1026 tempus.
907 980 987 1014 Hoc

224 1037 343 1062 autem
381 1027 602 1074 patiebatur,
629 1026 667 1063 &
693 1028 788 1076 quod
825 1027 985 1064 Castrum

223 1077 396 1113 Armulae
423 1078 536 1113 noluit
563 1078 644 1113 dare
672 1078 866 1113 Senioribus
893 1078 985 1113 illis.

223 1127 302 1164 Post
339 1127 453 1171 haec,
495 1136 536 1164 ut
577 1127 699 1164 audivi
739 1141 758 1163 a
795 1129 987 1176 majoribus

223 1178 374 1219 nostris,
420 1178 508 1228 jussu
555 1179 792 1215 Dominorum
842 1178 984 1214 illorum

216 1230 453 1277 ‘plebotomati
481 1229 560 1265 sunt
586 1231 680 1266 oculi
707 1230 779 1275 eius
806 1230 838 1265 &
869 1243 987 1265 caecus

221 1279 356 1323 saihs,
393 1293 463 1317 non
503 1282 619 1317 multo
650 1282 722 1330 post
750 1280 918 1330 migravit
946 1282 985 1316 ad

222 1331 398 1368 Christum
421 1357 432 1367 .
471 1333 633 1380 Sepultus
671 1331 716 1367 est
753 1332 851 1379 juxta
893 1331 985 1366 idern

220 1381 377 1416 Castrum
405 1381 442 1416 in
470 1382 622 1417 Ecclefia
649 1381 767 1416 Sanfi’ti
789 1384 986 1421 vincentii,

222 1430 285 1466 ubi
325 1441 490 1479 operatur
530 1431 637 1467 etiarn
683 1434 776 1467 Deus
817 1432 1010 1478 quaedam-

219 1480 389 1516 beneficia
426 1481 566 1517 meritis
603 1482 678 1530 ejus
706 1481 748 1518 ad
785 1481 923 1517 laudem
950 1482 982 1517 δι

220 1531 370 1580 gloriam
399 1531 552 1567 nominis
581 1531 652 1566 sui.

274 1580 452 1618 Vicefimo
489 1582 599 1618 tertio
634 1582 716 1618 loco
755 1581 843 1618 sedit
883 1586 980 1617 Geor>

212 1633 292 1678 gius
342 1633 560 1679 temporibus
611 1632 761 1669 Domini
811 1633 981 1677 johannis

219 1682 363 1720 Decimi
391 1683 490 1720 tertii
531 1685 642 1731 Papae
659 1709 667 1718 .
707 1683 767 1720 Iste
795 1684 981 1731 acquifivit

216 1734 331 1769 multa
381 1734 472 1770 bona
517 1734 734 1770 Monasterio
784 1734 979 1771 Sublacensi

217 1793 279 1833 per
306 1784 437 1820 diversa
465 1786 565 1821 loca.

269 1834 442 1870 Vicefimo
469 1844 595 1883 quarto
622 1835 702 1870 loco
730 1833 819 1870 sedit
845 1838 977 1880 Stepha—

216 1898 275 1920 nus
305 1884 412 1920 Abbas
439 1885 657 1934 temporibus
684 1884 836 1921 Domini
866 1885 975 1935 Sergii

213 1938 310 1972 Sexti
340 1938 472 1985 Papae.

265 1987 440 2023 Vicefimo
467 1986 597 2035 quinto
623 1987 705 2022 loco
734 1985 822 2022 sedit
859 1991 978 2023 Petrus

215 2040 321 2072 Abhas
349 2039 567 2086 temporibus
603 2036 753 2073 Domini
792 2038 976 2075 Benediai

213 2088 342 2124 Ofilavi
374 2090 503 2136 Papae.

267 2139 443 2175 Vicefimo
481 2139 580 2175 sexto
617 2139 698 2175 loco
734 2138 823 2174 sedit
860 2143 975 2174 Deme-

213 2192 302 2225 trius
339 2190 448 2225 Abbas
482 2190 699 2238 temporibus
738 2189 887 2226 Domini
917 2193 974 2234 Jo-

212 2240 338 2278 hannis
365 2241 495 2278 decimi
523 2241 610 2277 noni
640 2243 772 2290 Papae.

265 2292 438 2329 Vicesimo
466 2292 615 2339 septimo
642 2293 722 2328 loco
751 2291 837 2328 sedit
860 2297 975 2327 Petrus

214 2346 321 2378 Abbas
353 2344 569 2392 temporibus
605 2342 756 2380 Domini
792 2343 974 2380 Benediffi

213 2395 312 2431 Noni
342 2396 474 2443 Papae.

264 2444 440 2482 Vicefimo
471 2445 599 2482 offiavo
630 2446 711 2481 loco
740 2444 828 2482 sedit
854 2448 974 2494 Johan-

215 2508 268 2530 >ze-5
306 2499 408 2531 Abbas
444 2497 661 2546 temporibus
701 2497 850 2533 Domini
891 2498 973 2532 Cle—

212 2547 340 2583 mentis
369 2549 512 2584 Secundi
541 2550 671 2597 Papae.
699 2550 770 2585 Hic
796 2547 881 2584 fecit
906 2548 970 2584 Li-

375 2671 399 2682 f

1026 1176 1058 1214 (i

1103 317 1204 366 super
1238 320 1408 367 Epistolas
1449 322 1586 366 Pauli,
1623 322 1827 361 psalterium
1853 350 1866 367 ,

1105 369 1315 410 Rationale,
1341 372 1620 420 Antiphonaria.
1648 376 1730 410 Fuit
1755 375 1865 412 bonus

1101 419 1177 454 vir.
1205 422 1406 470 Tempore,
1434 437 1506 469 quo
1531 437 1576 460 ex
1603 424 1668 461 hac
1696 425 1769 462 vira
1799 427 1866 464 mi-

1102 479 1261 518 graturus
1288 482 1385 516 erat,
1412 476 1576 522 exemplo
1605 475 1726 517 Patris,
1755 478 1866 514 Bene-

1101 520 1190 557 diffi
1206 549 1217 566 ‚
1254 521 1340 559 fecit
1366 523 1400 560 se
1426 525 1464 560 in
1491 525 1677 562 Ecclefiam
1707 528 1863 575 portari:

1101 570 1222 619 ibique
1265 584 1346 610 ante
1386 577 1536 612 Crucem
1579 577 1725 624 jacens,
1766 592 1864 615 com-

1100 623 1287 660 mendabat
1315 627 1392 661 Deo
1419 626 1571 662 animam
1601 627 1717 664 suam.
1751 632 1864 666 Acce-

1100 683 1231 722 ptoque
1258 677 1419 723 Corpore
1455 677 1587 713 Christi
1614 679 1708 714 obiit
1737 679 1775 715 in
1804 694 1862 728 pa-

1100 736 1159 764 ce,
1194 726 1229 759 δε
1257 724 1409 774 sepultus
1437 739 1455 761 a
1491 728 1670 764 Fratribus
1697 739 1778 766 ante
1815 732 1863 779 ja-

1099 787 1200 809 nuam
1221 776 1384 824 majorem
1404 777 1574 812 Ecclesiae
1595 778 1739 815 SanEiae
1755 781 1863 816 Scho-

1099 824 1254 861 lasticae.
1286 826 1361 861 Post
1390 830 1473 863 vero
1505 828 1619 863 nostro
1647 838 1802 878 tempore
1828 844 1863 866 e-

1099 875 1214 911 levata
1241 876 1320 912 sunt
1346 877 1416 912 oss'a
1443 878 1540 926 ejuS,
1576 880 1608 913 δε
1639 879 1747 927 posita
1782 881 1864 918 sunt

1098 925 1136 961 in
1163 927 1335 974 Capitulo
1362 927 1466 975 ipfius
1495 927 1515 947 *
1544 930 1760 967 Coetnobii.

1150 976 1326 1012 Vicefimo
1361 991 1457 1013 nono
1494 979 1575 1015 loco
1611 980 1700 1017 sedit
1727 985 1863 1018 Benedi-

1097 1027 1160 1060 Hus
1196 1030 1305 1063 Abbas
1329 1055 1341 1073 ,
1383 1031 1444 1077 qui
1479 1028 1549 1066 fuit
1584 1030 1690 1067 diffls
1726 1041 1863 1083 tempo-

1098 1077 1194 1112 ribus
1223 1077 1340 1126 supra.

1149 1128 1344 1164 Tricefimo
1379 1129 1460 1166 loeo
1488 1129 1577 1167 sedit
1604 1136 1685 1168 Atto
1722 1132 1859 1181 Akbas,

1098 1180 1313 1227 temporibus
1343 1182 1485 1216 Domini
1512 1184 1640 1218 Leonis
1669 1185 1765 1220 Noni
1797 1187 1860 1222 Pa-

1099 1242 1178 1276 pae.
1207 1231 1279 1266 Hic
1307 1231 1454 1279 denique
1481 1232 1708 1271 sanfflffimus
1741 1238 1862 1272 Ponti-

1097 1279 1178 1324 fex,
1205 1294 1321 1316 curam
1351 1283 1511 1318 omnium
1539 1297 1660 1332 gerens
1690 1287 1859 1323 Ecclefm-

1096 1344 1198 1371 rum,
1239 1331 1450 1381 cunfiiasque
1486 1335 1717 1382 perlustrans,
1759 1338 1860 1374 venit

1095 1383 1137 1415 ad
1184 1384 1432 1418 monasterium
1481 1385 1598 1420 Sanffi
1647 1388 1828 1424 Benediffi
1845 1415 1857 1426 .

1095 1432 1213 1467 Abbas
1241 1433 1361 1479 itaque
1392 1437 1504 1474 Atto,
1535 1437 1681 1484 cognito
1711 1438 1858 1483 Aposto-

1094 1481 1156 1517 lici
1184 1482 1360 1521 adventu,
1388 1482 1504 1531 fugam
1535 1487 1660 1532 petiit,
1689 1489 1723 1522 &
1752 1489 1857 1525 latuit

1093 1533 1234 1569 Treva.
1272 1535 1493 1570 Venerabilis
1530 1545 1646 1572 autem
1687 1539 1854 1576 Pontifex

1092 1595 1168 1619 cum
1198 1583 1344 1620 venisset
1373 1583 1409 1620 in
1437 1586 1688 1622 Monasterium
1706 1615 1716 1632 ‚
1744 1588 1782 1626 &
1816 1591 1857 1625 si-

1091 1646 1133 1669 ne
1157 1633 1303 1670 Restore
1326 1634 1534 1682 invenisset,
1556 1639 1780 1676 contristatus
1807 1640 1854 1677 est

1091 1684 1210 1721 valde.
1249 1685 1503 1735 Destinatisque
1539 1687 1654 1725 M2ffis
1688 1690 1771 1726 fecit
1798 1691 1854 1728 in-

1090 1734 1184 1782 quiri
1222 1737 1422 1777 Abbatern,
1457 1738 1520 1785 qui
1560 1739 1677 1775 venire
1705 1741 1850 1791 renuit-3

1090 1785 1219 1833 quique
1246 1786 1402 1823 dimissus
1426 1801 1445 1822 a
1469 1789 1760 1835 Treverensibus‚
1781 1792 1852 1829 ivit

1090 1836 1320 1885 Campaniam
1342 1863 1353 1881 ‚
1397 1837 1567 1875 videlicet
1611 1841 1652 1875 ad
1705 1842 1851 1879 Sinelae

1088 1887 1266 1922 Caeciliae
1302 1887 1490 1924 Ecclesiam
1513 1913 1523 1927 ‚
1551 1903 1638 1938 quae
1665 1891 1709 1927 est
1748 1893 1849 1942 juxta

1092 1937 1365 1974 Plumbinariam
1385 1965 1394 1981 ,
1421 1940 1454 1974 8<
1483 1940 1534 1975 ibi
1564 1940 1668 1990 usq*
1695 1944 1735 1978 ad
1773 1945 1851 1981 obi-

1088 1997 1161 2023 tum
1191 1987 1285 2024 vitae
1312 1988 1455 2025 manfit.
1487 1992 1652 2028 Mortuus
1678 1993 1728 2029 ibi
1759 1995 1849 2042 jacet

1088 2037 1269 2086 sepultus.
1311 2041 1536 2087 Quapropter
1573 2030 1849 2091 magnificentis-

1087 2088 1188 2125 fimus
1228 2090 1393 2126 Pontifex
1423 2089 1515 2127 inito
1552 2092 1724 2130 Concilio
1752 2096 1847 2132 ordi-

1087 2139 1186 2176 navit
1222 2140 1259 2176 in
1299 2141 1419 2177 eodem
1461 2141 1651 2180 Coenobio
1692 2146 1849 2181 Abbatem

1085 2190 1229 2227 nomine
1265 2194 1476 2235 Umber-tum,
1512 2202 1632 2230 natum
1662 2209 1702 2232 ex
1741 2200 1848 2233 Fran-

1085 2241 1164 2278 cia.
1193 2242 1413 2279 Sublacenses
1441 2244 1482 2280 ad
1510 2244 1543 2281 se
1570 2249 1781 2284 convocavit
1807 2249 1846 2285 in

1084 2292 1317 2337 Monasterim
1344 2307 1491 2341 quorum
1519 2300 1549 2331 &
1576 2301 1751 2345 requirens
1773 2312 1846 2335 mo-

1084 2353 1252 2380 numenta
1295 2344 1506 2382 Chartarum
1550 2348 1693 2384 notavit
1741 2349 1845 2385 falsis-

1084 2393 1183 2440 sima,
1211 2399 1242 2430 &
1269 2409 1313 2432 ex
1338 2410 1458 2445 magna
1480 2406 1576 2445 parte
1600 2408 1681 2435 ante
1707 2399 1739 2436 se
1764 2403 1843 2449 igne

1083 2449 1226 2482 cremari
1252 2446 1355 2484 fecit.
1384 2447 1582 2484 Pontificali
1609 2452 1729 2496 itaque
1751 2464 1844 2498 prae-

1084 2507 1186 2544 cepto
1207 2497 1470 2534 reconfirmavit
1492 2498 1703 2536 Monasterio
1723 2502 1844 2538 Subla-

1084 2560 1192 2590 cum,
1228 2550 1260 2584 ἃ
1299 2557 1414 2585 totam
1440 2550 1632 2587 Abbatiam
1671 2553 1843 2595 Terram,

1117 2599 1146 2633 B
1176 2609 1196 2637 κ.
1637 2599 1675 2638 ἃ
1704 2613 1788 2637 cun-.
