2237 3068
459 221 539 248 211

816 206 1618 249 CHRONICON

1886 221 1966 250 212

394 264 530 312 incepit
564 263 658 299 suam
700 262 922 298 Potesta‘riam
958 262 1000 299 de
1039 265 1151 299 mense
1193 268 1226 301 A
1268 264 1479 298 Francorum
1509 275 1587 298 curn
1623 263 1683 299 suo
1710 264 1866 301 exercitu
1905 278 2025 313 prope-

392 314 564 364 Augusti.
592 316 647 349 Eo
668 321 826 360 tempore
853 312 910 349 die
939 315 980 350 X.
1003 323 1152 350 exeunte

392 366 498 409 Junio
524 364 689 400 Ezelinus
714 363 840 399 vhabuit
858 363 1015 400 Castrum
1043 364 1152 400 Mon-

391 415 567 454 tisfilicis‚
595 413 762 449 existente
799 414 949 462 quodam
983 416 1024 451 de
1055 419 1147 463 Apu-

391 467 439 501 lia
467 465 664 513 Capitaneo
691 463 795 511 ipsius
824 466 914 501 Loci
941 478 1005 512 pro
1040 466 1150 512 lmpe-

388 524 524 556 ratore.
553 528 630 550 cum
661 515 821 551 homines
849 515 935 551 diffi
965 516 1034 550 loci
1064 516 1149 562 ,juffu

387 566 528 601 Ezelini
562 566 707 602 ivissent
743 566 907 602 invadere
944 566 1148 602 Solexinum

387 616 471 652 hosa
507 616 646 652 mediae
682 615 823 656 noetis,
847 615 887 652 ἃ
927 615 963 652 in
1001 617 1150 664 vesperis

388 666 588 703 rediiffent.
627 669 673 702 Et
711 666 824 702 mense
859 666 947 711 Julii
984 667 1148 704 Ezelinus

387 718 578 754 carceravit
600 719 834 754 Gumbertum
857 717 1123 754 Artuxinellum
1138 743 1148 756 2

386 770 421 804 ἃ
450 768 672 804 Ubertellum
700 768 824 804 fratres
850 769 1026 816 quondam
1052 771 1135 812 Jaco

387 818 422 854 bi
457 819 502 855 de
531 818 790 855 Dalesmaninis
816 818 994 854 occasione
1032 820 1148 867 prodi—

387 870 520 913 tionis,
547 883 652 918 quam
689 869 819 906 fecerat
855 870 1054 909 ferrariae,
1090 882 1148 905 eo-

386 933 463 956 rum
500 920 596 957 soror
634 919 807 956 Palmeria
844 933 934 956 uxor
968 920 1144 968 quondam

385 971 610 1007 Marchionis
638 972 680 1007 de
708 971 908 1007 Cavalcabb
936 970 976 1006 de
1005 973 1145 1007 Cremo-

385 1035 455 1061 na,
492 1022 549 1058 cui
590 1022 756 1057 Ezelinus
798 1022 1007 1057 concesserat
1048 1021 1143 1056 suum

385 1071 544 1108 Castrum
566 1073 710 1108 nomine
736 1072 961 1108 Montesauro
983 1072 1020 1107 in
1042 1071 1145 1117 ipfius

386 1123 561 1159 Dominae
586 1123 735 1159 custodia
752 1151 762 1166 ‚
789 1124 821 1157 &
851 1122 1024 1158 Matthaei
1051 1123 1145 1166 Judi-

373 1174 435 1210 -cis
473 1173 614 1222 Ugonis
640 1174 683 1209 de
711 1174 902 1209 Almerode
929 1173 970 1208 de
1009 1175 1143 1212 Padua,

384 1274 584 1322 capitaneo
612 1274 699 1310 dieti
727 1273 863 1317 castri,
888 1275 921 1309 &
950 1273 1044 1309 dieta
1072 1276 1143 1308 Do-

383 1323 480 1360 mina
511 1325 704 1368 Palmeria,
733 1325 799 1360 una
830 1337 910 1359 cum
940 1323 1038 1359 dieto
1074 1323 1146 1359 Ca-

383 1375 526 1422 pitaneo
553 1375 721 1413 dedissent
749 1373 883 1409 dietum
906 1374 1063 1409 Castrum
1089 1376 1141 1410 Ri-

381 1426 486 1461 zardo
511 1424 657 1461 comiti
692 1424 812 1461 Samsti
852 1423 1055 1468 Bonifatii,
1084 1438 1144 1473 pro

382 1489 424 1512 eo
452 1476 544 1523 quod
581 1475 695 1511 ditius
731 1477 861 1511 Comes
899 1475 1074 1523 juraverat
1106 1475 1142 1510 in

381 1540 525 1562 uxorem
564 1527 719 1572 accipere
761 1526 969 1560 Palmeriam
1010 1525 1144 1572 praedi-

380 1576 495 1616 δὶεῐτι,
523 1578 557 1612 8<
586 1576 706 1612 fratres
735 1575 930 1624 praedifitae
969 1575 1143 1611 Dominae

380 1627 521 1663 fuissent
567 1627 697 1663 conscii
750 1626 838 1662 disti
889 1625 1167 1674 matrimonii„

379 1678 540 1724 quamvis
562 1677 673 1725 ipsum
698 1679 958 1713 matrimonium
979 1676 1139 1711 efflatum

379 1728 535 1772 aliquem
565 1741 636 1762 non
665 1727 845 1764 habuerit.
877 1729 921 1761 Et
950 1735 1033 1761 tunc
1062 1739 1140 1761 cum

380 1777 550 1825 praefatus
580 1777 784 1813 Matthaeus
807 1777 946 1813 veniss'et
971 1777 1140 1813 Paduam,

377 1829 411 1863 δε
442 1828 558 1875 fugere
581 1829 687 1863 vellet
717 1828 905 1871 venetias,
932 1835 1052 1875 captus
1073 1826 1140 1862 fuit

377 1879 415 1914 in
445 1880 542 1914 Villa
572 1881 728 1923 stratae,
753 1879 784 1913 8<
815 1886 1047 1913 tormentatus
1070 1890 1139 1912 ma*

377 1929 554 1965 nifestavit
592 1939 708 1965 totum
750 1928 882 1964 faustum
927 1927 1138 1970 proditionis

377 1980 512 2022 Castri,
541 1984 571 2014 ὅ(
599 1981 739 2018 literas,
768 1993 851 2024 quas
882 1978 953 2026 ipsa
984 1979 1137 2013 Domina

379 2030 552 2065 Palmeria
581 2030 721 2065 miserat
749 2029 816 2064 suis
845 2028 1009 2065 fratribus
1040 2037 1134 2064 ante-

375 2079 503 2119 diE’ds,
534 2089 673 2127 propter
698 2080 790 2126 quod
822 2079 889 2114 fuit
917 2080 1136 2128 decapitatus

375 2128 414 2166 in
442 2131 556 2178 platea
583 2130 792 2166 Communis
825 2129 983 2164 Paduae.

669 2192 681 2215 1
715 2192 736 2216 2
767 2191 785 2225 ς
814 2192 849 2215 0.

424 2232 468 2266 D.
498 2229 705 2265 Anxedifius
726 2232 766 2264 de
787 2229 962 2265 Giidonis
985 2229 1026 2265 de
1047 2231 1132 2265 Ter-

372 2281 473 2317 vixio
501 2280 594 2315 filius
623 2280 750 2315 sororis
777 2281 942 2320 Emlini,
971 2280 1134 2316 Vicarius

371 2331 552 2367 Generalis
578 2344 639 2376 pro
671 2333 882 2376 Imperatore
911 2330 946 2366 in
977 2330 1131 2365 Marchia

371 2380 552 2418 Terwifina
582 2394 598 2415 a
628 2380 773 2416 flumine
802 2381 894 2417 Lolii
924 2380 1029 2428 usque
1055 2383 1129 2417 Tri?

369 2433 536 2476 dentum,
559 2432 590 2466 &
623 2431 770 2466 Potestas
801 2431 936 2465 Paduae
961 2432 1133 2472 intravit,

368 2483 401 2518 δε
431 2482 561 2531 juravit
593 2481 816 2517 Potestariam
849 2482 982 2517 paduae
1019 2482 1133 2516 mense

368 2532 539 2582 Augusti.
565 2533 618 2568 Eo
647 2542 805 2581 ternpore
832 2532 1032 2569 Ludovicus
1059 2534 1132 2568 Rex

1189 718 1215 753 B

1169 1174 1228 1228 (G¹

384 1237 487 1271 quem
529 1224 662 1273 jamdiu
706 1223 827 1259 fratres
871 1223 1037 1259 miserant
1083 1230 1171 1270 pro‘

1172 2066 1200 2099 Μ

1267 325 1344 348 rans
1377 312 1494 348 ¹versus
1530 314 1753 351 Babiloniam
1791 329 1810 351 a
1848 318 2024 353 Saracenis

1267 362 1470 407 conclusus,
1498 373 1538 399 ut
1573 377 1685 412 neque
1722 367 1927 414 procedere,
1965 380 2024 402 ne-

1265 426 1332 460 que
1368 415 1583 450 retrocedere
1622 417 1772 460 valeret,
1802 418 1952 453 Soldano
1985 417 2022 454 se

1265 463 1436 506 tradidit,
1475 465 1597 500 amisso
1622 465 1735 514 prino
1762 467 1799 502 in
1828 468 1921 503 bello
1947 467 2022 504 Co-

1266 517 1347 548 mite
1371 515 1525 550 Ruberro
1543 515 1649 552 fratre
1672 517 1734 553 suo
1755 531 1831 553 cum
1856 517 2022 567 Magistro

1265 564 1431 611 Templi,
1459 564 1496 600 ἃ
1536 566 1690 603 maxima
1725 568 1882 604 militum
1912 583 2022 616 quana

1263 614 1398 657 ritate,
1437 619 1466 649 &
1504 629 1566 663 pro
1603 616 1658 653 sua
1695 619 1913 655 redemtione
1952 622 2022 656 Da-

1263 665 1407 700 miatam
1436 665 1590 702 reddidit
1627 669 1778 704 Soldano
1812 668 1850 703 in
1888 671 2022 714 Syriam

1263 715 1420 758 rediens,
1438 719 1472 751 ὅ(
1497 717 1590 764 prius
1615 718 1836 753 reaedificat-21
1858 721 2022 756 caesarea

1225 803 1226 806 Ἴ
1265 765 1472 802 Palaestinae
1505 767 1615 803 rediit
1653 768 1688 803 in
1727 771 1908 804 Franciam
1942 783 2021 806 cum

1170 920 1175 1026 ρ
1226 965 1232 1022 2

1260 815 1459 863 ignominia
1509 817 1588 853 suae
1636 819 1751 867 gentis
1804 818 1840 856 &
1894 820 2022 861 Populi

1259 865 1474 903 Christiani.
1495 867 1721 905 Confiderans
1744 873 1824 905 vero
1852 872 2021 907 Soldanus

1260 926 1331 953 tam
1369 919 1579 965 praeterita,
1614 933 1721 967 >quam
1759 920 1906 965 futura,
1952 923 2021 957 Da-

1258 968 1403 1003 miatam
1443 968 1599 1005 funditus
1637 970 1723 1006 fecit
1749 972 1882 1016 everti,
1911 985 1952 1008 ne
1979 972 2021 1008 de

1253 1027 1374 1054 cetero
1394 1019 1476 1055 esset
1503 1022 1761 1067 receptaculum
1789 1024 2018 1070 proeliorum.

1548 1082 1563 1106 1
1599 1082 1617 1105 2
1650 1083 1667 1115 ς
1704 1083 1730 1106 t.

1306 1121 1351 1155 D.
1400 1120 1608 1157 Anxedifius
1658 1121 1804 1157 Potestas
1851 1122 2019 1159 Paduae;

1255 1171 1308 1205 Eo
1336 1179 1493 1218 tempore
1523 1171 1749 1207 innocentius
1784 1174 1891 1219 Papa·
1924 1187 2016 1209 mor—

1255 1229 1317 1256 tuo
1345 1222 1535 1266 federico,
1562 1223 1593 1257 δι
1623 1222 1794 1258 ordinatis
1832 1223 1931 1259 faais
1966 1225 2017 1259 A-

1253 1271 1452 1307 lemanniae
1488 1285 1566 1308 cum
1608 1273 1857 1320 Principibus,
1896 1273 2016 1309 exiens

1253 1320 1295 1355 de
1332 1322 1508 1370 Lugduno
1545 1323 1643 1357 venit
1677 1325 1845 1366 januam,
1873 1324 1930 1358 cui
1957 1337 2018 1360 oc-

1254 1382 1436 1407 currerunt
1460 1385 1583 1407 omnes
1621 1372 1808 1419 Magnates
1844 1374 2017 1409 Lombar-

1253 1421 1355 1457 diae:
1383 1422 1510 1458 deinde
1539 1423 1635 1458 venit
1675 1422 1919 1459 Mediolanum
1937 1451 1948 1469 ,
1974 1423 2014 1461 &

1251 1483 1452 1519 recuperata
1499 1473 1660 1510 Civitate
1706 1473 1874 1510 Laudensi
1893 1499 1903 1514 ‚
1955 1487 2016 1522 per

1251 1523 1503 1558 Lombardiam
1535 1523 1698 1559 transiens
1725 1524 1794 1560 ivit
1820 1524 2014 1565 perusium,

1251 1573 1283 1607 ὃ(
1328 1581 1411 1608 tunc
1451 1574 1602 1620 Populus
1644 1574 1867 1609 Placentinus
1907 1587 2011 1610 caeco

1251 1621 1366 1658 furore
1393 1633 1515 1659 contra
1544 1623 1620 1659 suos
1649 1624 1783 1659 milites
1815 1624 2011 1661 concitatus

1249 1673 1422 1708 auxilium
1457 1673 1745 1710 Cremonensium
1783 1675 2011 1723 imploravit,

1249 1723 1466 1771 expulsisque
1498 1724 1673 1760 militibus
1706 1724 1882 1760 Ubertum
1914 1726 2011 1762 Pela-

1251 1773 1404 1809 vieinum
1439 1774 1475 1809 in
1513 1773 1608 1810 suum
1649 1777 1841 1810 Dominum
1874 1777 1904 1811 81
1944 1778 2010 1812 Re-

1249 1823 1382 1858 &orem
1413 1826 1611 1872 elegerunt.
1637 1827 1682 1861 Et
1708 1827 1890 1862 Conradus
1919 1825 2010 1862 filius

1250 1874 1424 1910 frederici
1464 1874 1690 1921 Imperatoris
1726 1877 1767 1911 de
1796 1876 2009 1913 Alemannia

1249 1924 1392 1960 veniens
1423 1928 1594 1961 Veronam
1634 1927 1676 1962 de
1713 1927 1826 1963 mense
1866 1929 2009 1963 Decem-

1249 1975 1342 2018 bris,
1367 1989 1448 2011 cum
1485 1977 1624 2014 auxilio
1662 1977 1798 2013 Ezelini
1836 1990 1930 2013 mare
1957 1980 2008 2012 in-

1249 2025 1358 2061 travit
1386 2026 1421 2061 in
1462 2028 1567 2061 Portu
1607 2027 1810 2067 Liuianae,
1837 2029 1870 2062 8<
1909 2026 2007 2063 navi-

1247 2089 1329 2123 gans
1351 2075 1388 2111 in
1411 2078 1604 2119 Apuliam,
1625 2090 1698 2112 eam
1723 2090 1801 2112 cum
1827 2076 1938 2112 {nsula
1960 2079 2007 2112 Si-

1247 2125 1352 2161 ciliae
1378 2125 1438 2161 fibi
1475 2125 1694 2175 subjugavit.
1722 2129 1768 2162 Et
1807 2128 2005 2172 Raynaldus

1246 2175 1340 2212 filius
1368 2177 1590 2212 Marchionis
1618 2177 1659 2213 de
1687 2178 1742 2212 Est
1768 2178 1861 2213 obiit
1889 2179 1926 2214 in
1958 2180 2007 2213 A-

1248 2226 1374 2274 pulia,
1412 2241 1512 2274 quem
1558 2230 1753 2274 Imperator
1792 2242 1853 2275 pro
1891 2227 2005 2265 obfide

1246 2279 1405 2315 tenebat,
1435 2277 1569 2314 reliais
1606 2292 1675 2314 uno
1713 2278 1774 2314 suo
1810 2278 1887 2314 filio
1918 2279 2006 2314 Obi-

1244 2341 1356 2369 zone,
1382 2329 1415 2362 8<
1450 2342 1516 2364 una
1553 2328 1628 2365 filia
1666 2329 1890 2369 Constantia,
1917 2342 2005 2377 quos

1246 2378 1368 2413 habuit
1396 2379 1436 2414 de
1463 2379 1612 2427 quadam
1644 2381 1843 2417 Domicella
1876 2379 2004 2416 Nobili

1245 2430 1285 2464 de
1314 2430 1466 2476 Apulia.
1496 2430 1577 2465 dum
1605 2431 1645 2466 in
1672 2444 1804 2467 carcere
1826 2431 2005 2468 curialiter

1245 2488 1448 2529 teneretur3
1477 2481 1510 2515 &
1540 2481 1702 2517 Marchio
1731 2483 1930 2530 procuravit
1956 2482 2004 2516 di-

1243 2529 1319 2566 &os
1346 2529 1420 2566 suos
1451 2533 1604 2581 Nepotes
1630 2533 1672 2568 de
1699 2533 1831 2582 Apulia
1859 2533 1919 2569 fibi
1947 2531 2002 2568 de-

1849 2584 1929 2620 ferri
1943 2610 1950 2625 ‚
