2237 3068
296 250 375 291 155
646 236 680 274 C
742 238 784 275 H
844 236 883 273 R
944 237 979 274 Ο
1040 238 1083 275 Ν
1140 236 1163 274 Ι
1223 237 1256 274 C

229 292 267 328 in
295 296 422 329 Monte
449 290 575 327 Cafino
612 292 784 328 Monachi
813 291 898 328 faui
927 291 986 327 sub
1026 295 1061 328 A

229 344 361 392 Regula
390 343 502 377 Patris
536 341 741 386 Benediffi,
773 341 899 378 Franci
927 341 986 377 fibi

226 395 357 443 Regem
391 392 627 433 constituunt,
663 392 800 441 abjefi’co
835 392 985 438 Hyldri-

224 457 288 487 co,
317 443 354 480 δε
391 443 592 484 tonsurato,
620 444 655 479 &
694 443 732 480 in
769 443 984 479 Monasterio

224 494 376 530 recluso.

274 545 465 592 Stephanus
515 545 660 581 natione
710 544 846 582 Siculus
897 544 984 581 sedit

224 597 349 632 Annos
380 598 442 632 111.
471 596 608 632 Menses
636 599 681 632 V.
711 596 795 632 Dies
833 598 983 631 XXVII.

224 646 298 683 Hic
324 649 359 682 in
398 645 537 682 Basilica
573 646 691 683 Santsti
729 646 887 693 Dionysli
917 647 982 682 Al-

224 707 298 734 tare
325 697 536 734 consecravit
557 698 593 733 in
622 697 753 734 honore
780 698 981 734 Sanctorum

224 748 474 796 Apostolorum
505 748 599 784 Petri
629 747 667 785 &
706 748 832 784 Pauli:
864 748 977 796 Pippi—

223 812 378 847 numque
416 801 570 848 Regem,
596 797 634 835 ἃ
671 798 756 835 duos
788 797 881 834 filios
909 799 981 845 ejus

221 851 391 886 Garolum
436 850 469 885 δ(
517 850 791 897 carlomagnum
832 849 869 885 in
917 851 981 884 Re-

222 914 280 949 ges
309 903 525 936 Francorum
554 899 754 935 benedixit.
782 900 875 935 Aaa
903 899 981 935 sunt

209 952 305 987 ‘haec
344 952 452 987 Anno
479 951 521 987 ab
558 952 800 986 Incarnatione
829 950 980 986 Domini

222 1002 427 1038 DCCLIV.

271 1051 471 1086 Hadrianus
502 1050 646 1087 natione
677 1054 856 1088 Romanus
892 1050 980 1087 sedit

218 1101 344 1136 Annos
371 1102 502 1137 XXIV.
523 1100 662 1137 Menses
685 1104 727 1137 X.
749 1102 834 1137 Dies
864 1102 979 1137 XVII.

217 1152 292 1187 Hic
312 1150 397 1187 fecit
420 1152 589 1187 Carolum
616 1154 745 1201 Regem
770 1151 890 1188 venire
911 1154 979 1188 Ro-

216 1214 308 1238 mam
339 1210 479 1250 propter
515 1202 732 1238 Defiderium
771 1204 978 1251 Longobar-

217 1252 340 1289 dorum
372 1255 522 1301 Regem.
549 1255 596 1288 Et
633 1252 742 1289 fastus
769 1253 816 1289 est
852 1256 976 1289 Roma-

217 1316 342 1340 norum
372 1303 567 1344 Patricius,
593 1303 677 1340 idest
705 1302 874 1340 Defensor
910 1303 977 1340 lta-

217 1355 343 1442 hazseo
373 1405 458 1442 sedit
495 1406 619 1441 Annos
655 1407 733 1441 XX.
763 1404 901 1441 Menses
931 1407 978 1441 V.

217 1454 303 1492 Dies
333 1458 410 1493 XX.
442 1456 511 1492 Hic
539 1470 559 1492 a
590 1455 658 1492 suis
685 1464 911 1500 excaecatus,
939 1455 976 1492 &
1011 1468 1014 1470 ·

214 1508 250 1542 in
278 1507 371 1543 arffia
399 1506 545 1543 custodia
574 1507 723 1555 positus,
751 1506 823 1555 post
852 1519 975 1554 paucos

213 1556 283 1593 dies
310 1557 420 1593 visum
448 1556 600 1605 recepit,
620 1558 653 1592 &
681 1557 802 1605 lingua
829 1556 892 1592 fibi
917 1556 974 1592 ab·

214 1607 333 1648 scissa,
360 1607 401 1643 ad
429 1607 643 1655 loquendum
671 1610 701 1643 ei
727 1607 773 1643 est
799 1607 975 1643 restituta.

211 1659 282 1695 Hic
309 1660 490 1694 coronavit
517 1659 708 1702 Carolum,
730 1660 789 1704 qui
817 1659 911 1694 ultus
931 1657 976 1693 est
1018 1650 1047 1683 D

212 1707 378 1744 inimicos
413 1708 511 1748 suos,
548 1707 585 1745 &
624 1721 703 1744 eum
739 1710 777 1744 in
806 1709 890 1744 Sede
916 1708 974 1744 sua

211 1758 383 1794 restituit.
410 1760 445 1794 A
473 1766 631 1804 tempore
649 1784 658 1802 ,
686 1771 705 1794 a
731 1771 802 1806 quo
829 1760 973 1807 Longo-

213 1808 310 1844 bardi
329 1807 527 1844 invaserant
550 1808 690 1844 Italiam
704 1832 714 1847 ,
736 1807 842 1856 usque
862 1808 973 1844 adhuc

212 1857 292 1894 sunt
320 1858 420 1894 Anni
447 1858 590 1894 ducenti
618 1857 811 1894 sexdecim.

260 1908 453 1954 Stephanus
482 1907 566 1943 sedit
594 1909 718 1943 Annos
746 1908 830 1945 VII.

260 1958 432 1994 Paschalis
459 1958 543 1994 sedit
569 1959 694 1994 Annos
722 1958 806 1995 VII.
833 1958 972 1996 Menses

208 2007 275 2046 IV.
305 2009 387 2045 Dies
417 2011 496 2045 XV.

257 2059 435 2107 Eugenius
464 2058 550 2095 sedit
576 2061 700 2096 Annos
729 2059 794 2096 IV.

258 2110 469 2147 Valentinus
492 2110 580 2146 sedit
601 2114 709 2146 Anno
730 2110 756 2147 1.
778 2110 906 2147 Diebus
927 2113 970 2148 X.
1014 2101 1042 2135 E

256 2161 446 2210 Gregorius
474 2160 564 2197 sedit
591 2163 715 2196 Annos
745 2163 843 2197 XVI.

255 2212 393 2261 Sergius
421 2211 508 2248 sedit
528 2213 653 2248 Annos
680 2211 747 2248 111.
772 2213 843 2248 Hic
871 2225 968 2249 coro-

205 2262 306 2299 navit
326 2263 543 2300 Ludovicum
565 2262 833 2311 Imperatorem,
849 2276 967 2311 quam-

206 2313 259 2350 vis
284 2313 346 2350 alii
372 2313 414 2350 de
449 2313 626 2363 Stephano
666 2316 757 2363 Papa
793 2313 860 2350 hoc
887 2314 967 2351 affe-

207 2372 333 2451 miie'o
360 2414 448 2453 sedit
482 2416 606 2452 Annos
634 2415 698 2453 1x.
734 2414 874 2454 Menses
902 2415 965 2452 1v.

206 2464 292 2501 Dies
319 2467 383 2502 VI.

257 2515 464 2553 BenediE’tus
492 2517 580 2554 sedit
606 2518 723 2556 Annis
750 2518 798 2556 11.
834 2517 963 2556 Menfi-

207 2565 268 2603 bus
296 2566 359 2602 v1.
388 2568 518 2604 Diebus
545 2569 608 2606 lx.
802 2565 807 2569 “
932 2574 935 2575 ’

309 2619 399 2667 Τηηξ
426 2621 508 2655 XII.

1318 240 1352 276 O
1413 240 1455 276 N
1731 248 1813 295 136

1159 293 1284 328 Paulus
1312 294 1399 329 sedit
1428 297 1551 330 Annos
1582 296 1624 330 X.
1653 294 1810 333 Menicm
1844 300 1873 336 Ι.

1156 343 1347 389 Stephanus
1376 344 1461 381 sedit
1488 347 1612 382 Annos
1639 347 1703 382 IV.
1731 349 1869 385 Menses

1106 394 1151 427 V.
1181 393 1264 429 Dies
1294 397 1446 432 XXVII.

1157 445 1326 480 Nicolaus
1354 445 1440 482 sedit
1466 447 1592 485 Annos
1620 450 1702 485 VII.
1729 449 1869 487 Menses

1104 494 1165 528 IX.
1197 497 1275 531 Dies
1305 499 1347 532 X.

1154 545 1250 581 Huic
1286 547 1440 584 Nicolao
1476 548 1633 586 succeffit
1668 551 1870 588 Hadrianus

1101 596 1298 632 Secundus.

1151 647 1334 684 Hadriano
1362 649 1519 686 Secundo
1546 652 1738 700 Gregorius
1755 680 1764 689 .

1152 698 1229 732 Post
1255 711 1342 746 quos
1371 699 1458 736 sedit
1485 701 1662 745 johannes
1690 704 1867 742 Ofiavus.

1098 746 1172 783 Hic
1198 748 1371 791 Johannes
1396 750 1492 787 venit
1520 754 1553 787 in
1577 753 1776 790 Trecaffina
1804 754 1868 791 Ci—

1098 797 1210 834 vitate
1246 801 1407 844 Galliae,
1444 801 1505 838 ubi
1531 804 1566 838 &
1598 803 1722 839 habuit
1754 807 1866 850 Syno-

1096 847 1201 889 dum,
1222 851 1254 884 in
1275 863 1342 898 qua
1362 853 1573 888 Hincmarus
1595 854 1758 902 Lugduni
1779 857 1864 892 Cla-

1096 899 1170 935 vati
1197 900 1411 949 Episcopus,
1441 903 1512 951 post
1539 904 1753 940 avulfionem
1781 919 1866 943 ocu·-

1096 949 1235 990 lorum‚
1262 952 1492 1000 Episcopatui
1520 953 1580 990 suo
1608 955 1764 991 redditus
1794 956 1864 993 est.

1146 1000 1244 1036 Huic
1270 1003 1422 1045 Johanni
1452 1006 1563 1054 Papae
1589 1007 1667 1042 Leo
1702 1006 1864 1052 Quintus

1096 1051 1187 1096 Papa
1214 1050 1394 1089 succeffit.

1144 1101 1345 1138 Hadrianus
1370 1103 1458 1140 sedit
1485 1107 1610 1142 Annos
1631 1108 1695 1142 IV.
1721 1106 1860 1145 Menses

1093 1152 1156 1187 XI.
1202 1152 1288 1188 Dies
1334 1156 1376 1191 X.
1422 1155 1496 1192 Hic
1541 1156 1646 1193 unxit
1682 1157 1857 1198 Carnium

1091 1201 1248 1239 Calvum
1283 1204 1389 1250 oleo,
1416 1207 1449 1241 &
1486 1209 1735 1256 Imperatorem
1775 1224 1858 1246 con-

1091 1252 1205 1290 stituit
1225 1254 1341 1302 primo
1365 1258 1474 1293 Anno
1498 1258 1734 1296 ordinationis
1757 1260 1856 1306 suae,

1090 1306 1125 1339 δε
1153 1305 1283 1340 ultimo
1309 1305 1405 1343 vitae
1432 1309 1555 1345 Caroli
1584 1312 1714 1346 Anno.

1140 1355 1314 1398 Johannes
1341 1356 1430 1393 sedit
1457 1361 1581 1395 Annos
1611 1363 1651 1395 X.
1684 1361 1768 1397 Dies
1797 1364 1845 1398 11.

1141 1405 1320 1442 Martinus
1341 1406 1430 1443 sedit
1445 1411 1589 1445 Annum
1609 1412 1635 1446 Ι.
1652 1412 1789 1448 Menses
1810 1416 1854 1448 V.

1140 1456 1340 1493 Hadrianus
1368 1461 1523 1504 Quartus
1550 1460 1638 1496 sedit
1661 1463 1783 1498 Annos
1808 1465 1853 1499 II.

1089 1504 1227 1542 Menses
1256 1508 1319 1543 lv.
1348 1510 1431 1553 Quo
1460 1510 1687 1557 pontificante
1715 1515 1854 1550 willel-

1090 1569 1165 1592 mus
1194 1557 1287 1605 prius
1316 1560 1398 1594 Dux
1426 1561 1691 1608 Aquitanorum
1721 1567 1750 1597 &
1780 1567 1850 1601 Ar-

1090 1607 1227 1643 verniae
1262 1607 1416 1650 Comes,
1452 1624 1560 1659 quum
1598 1626 1667 1648 non
1705 1611 1850 1651 habere}

1088 1658 1276 1699 heredem,
1317 1661 1548 1698 cluniacense
1591 1662 1847 1703 Monasterium

1086 1708 1125 1744 in
1152 1708 1260 1745 fundo
1290 1713 1449 1758 proprio,
1475 1713 1537 1760 qui
1564 1713 1666 1749 estin
1691 1717 1853 1764 Burgun—

1086 1759 1144 1794 dia
1170 1759 1208 1794 in
1237 1773 1325 1809 pago
1353 1761 1600 1799 Matisconenfi
1630 1765 1846 1817 construx3t3

1085 1809 1268 1856 eidemque
1308 1812 1389 1847 loco
1433 1814 1625 1849 Bernonem
1670 1816 1847 1852 Abbatem

1086 1859 1311 1907 praeficien5‚
1348 1875 1491 1911 magnos
1534 1864 1576 1900 de
1618 1865 1676 1902 suo
1716 1867 1848 1904 reditus

1085 1909 1239 1958 praefato
1267 1913 1347 1947 Ioco
1377 1913 1448 1959 jure
1483 1914 1578 1950 dedit
1609 1915 1845 1954 hereditario.

1086 1962 1193 1996 Anno
1220 1962 1332 2010 igitur
1357 1965 1399 1998 ab
1428 1964 1671 2002 [nean-natione
1705 1970 1845 2005 Domini

1085 2012 1298 2048 DCGGCX.
1336 2013 1486 2061 priunum
1529 2017 1679 2060 praefuit
1713 2020 1846 2065 praedi-

1081 2061 1140 2097 &o
1176 2063 1256 2098 loco
1294 2065 1406 2099 Berno
1443 2068 1561 2102 Abnas
1600 2068 1711 2103 Annis
1746 2071 1844 2107 XVI.

1080 2113 1172 2148 Eblo
1192 2116 1273 2149 vero
1304 2116 1497 2159 Bituricus,
1519 2117 1599 2153 dum
1629 2119 1758 2155 Clunia
1784 2134 1844 2157 um

1079 2163 1242 2209 coepisset
1268 2164 1423 2206 institui,
1453 2166 1612 2203 similiter
1639 2171 1757 2215 coepit
1786 2185 1841 2207 ae-

1077 2213 1218 2251 dificare
1256 2216 1405 2252 Dolense
1445 2218 1666 2255 Coenobium
1706 2222 1745 2256 in
1777 2221 1840 2257 ho-

1075 2277 1160 2301 nore
1186 2266 1315 2303 Matris
1343 2269 1516 2305 Domini.

1124 2316 1318 2364 Stephanus
1353 2317 1442 2355 sedit
1482 2322 1604 2357 Annos
1633 2320 1697 2357 lv.
1735 2323 1837 2359 Men-

1072 2366 1122 2403 ses
1151 2367 1232 2404 VII.
1264 2369 1346 2405 Dies
1376 2370 1507 2406 XXIV.

1123 2418 1310 2455 Formosus
1338 2419 1427 2456 sedit
1454 2424 1580 2458 Annos
1609 2423 1670 2459 lv.
1700 2423 1837 2460 Menses

1071 2468 1154 2505 VII.
1205 2469 1290 2506 Dies
1341 2471 1440 2507 XIII.
1490 2473 1562 2509 Hic
1608 2475 1834 2510 confirmavit

1069 2520 1223 2556 Bernoni
1252 2522 1386 2557 Abbati
1414 2522 1564 2559 chartas
1594 2523 1628 2559 ἃ
1660 2525 1805 2561 donaria
1823 2549 1834 2566 ‚

1068 2583 1156 2657 ςυῗ
1183 2570 1311 2608 fecerat
1337 2571 1503 2621 Gignenfi
1530 2574 1737 2660 Ecclefizel}

1741 2637 1779 2661 ο.
