2237 3068
423 201 499 238 151
756 204 797 240 R
831 204 850 242 I
881 205 916 242 C
948 206 993 243 H
1020 207 1064 244 A
1092 206 1133 244 R
1165 206 1203 245 D
1235 207 1257 246 1

411 254 564 295 Lucius,
592 256 653 304 qui
691 258 724 292 8<
762 259 933 296 Gerardus
961 261 1002 297 de
1039 264 1121 298 San-
1145 265 1192 315 {A

357 302 414 338 &a
442 307 578 350 Cruce,
606 307 693 343 sedit
721 310 829 344 Anno
857 311 885 346 1.

409 356 608 405 Eugenius,
642 359 704 406 qui
740 359 774 394 ὃ(
813 361 1027 409 Bernardus,
1060 377 1120 401 na-

357 404 457 441 tione
487 407 649 450 Pisanus,
675 410 872 447 Monachus
899 421 1017 449 tamen
1037 417 1119 452 Gla-

356 457 595 497 raevallensis,
617 458 703 495 sedit
729 464 853 498 Annos
882 465 944 500 IX.
967 466 1038 501 Hic
1063 467 1119 503 de-

354 505 409 540 dit
454 507 624 545 Ecclesiae
674 512 895 549 Cluniacensi
943 514 1117 553 Monaste-

352 556 445 592 rium
489 558 530 593 de
575 561 697 597 Balma
742 573 908 612 perpetuo
949 567 1117 614 poffiden-

353 607 458 647 dum,
486 620 620 647 remoto
647 614 795 650 omnino
832 616 959 653 exinde
996 619 1113 655 Abba-

352 666 410 702 te‚
439 659 617 709 positoque
647 663 786 701 Priore.

403 709 620 755 Anastasius,
657 715 718 762 qui
758 715 795 753 &
834 716 1042 761 Conradus,
1069 722 1110 757 E·
1152 722 1179 757 B

350 758 511 807 piscopus
548 764 763 813 Sabinenfis,
806 767 894 806 sedit
936 773 1044 808 Anno
1085 774 1114 810 Ι.

350 811 529 849 Menfibus
558 816 621 852 IV.

401 863 624 906 Hadrianus,
661 868 724 915 qui
759 871 793 906 8<
830 871 1023 919 Nicolaus,
1054 887 1112 911 na-

348 911 448 949 tione
484 916 644 965 Anglus,
684 920 835 967 primum
876 925 994 961 Abbas
1031 928 1112 962 San-

349 961 399 999 ξὶί
430 964 508 1000 Rufi
530 991 540 1006 ‚
579 969 690 1015 postea
727 973 933 1010 Albanensis
970 976 1110 1025 Episco-

348 1025 435 1061 pus,
474 1015 561 1053 sedit
589 1020 713 1057 Annos
742 1025 786 1059 V.
817 1026 972 1062 Secundo
1003 1029 1111 1064 Anno

354 1065 584 1103 Pontificatus
612 1069 711 1119 hujus
738 1075 831 1110 obiit
853 1078 1018 1119 ,Domnus
1050 1081 1111 1116 Pe—

349 1121 424 1151 trus
455 1118 575 1155 Abbas
611 1122 871 1172 Cluniacensis‚
900 1129 1001 1165 vm.
1039 1129 1108 1167 Ca-

347 1165 468 1202 lendas
508 1171 692 1213 Januarii,
732 1174 804 1224 ipsa
848 1178 1015 1216 videlicet
1054 1181 1111 1218 die
1146 1180 1179 1217 C

346 1213 572 1256 illucescente
610 1224 749 1261 Natalis
787 1228 964 1274 Domini,
1002 1233 1110 1268 Anno

347 1267 390 1304 ab
443 1270 688 1316 Incarnatione
734 1278 883 1318 Domini
931 1283 1110 1322 MCLVI.

346 1320 509 1375 Sepultus
537 1328 581 1364 est
616 1337 732 1366 autem
766 1331 960 1369 honorifice
989 1333 1029 1370 in
1055 1348 1107 1371 ea-

348 1377 425 1414 dem
455 1378 599 1415 Basilica
617 1407 626 1424 ‚
654 1394 760 1429 quam
787 1382 860 1429 ipse
887 1394 1025 1421 rexerat
1052 1399 1111 1435 per

345 1431 470 1465 Annos
500 1430 649 1478 triginta
686 1432 862 1480 quinque.
899 1436 971 1472 Hic
999 1436 1107 1484 impe-

347 1480 456 1516 travit
491 1494 510 1516 a
550 1483 641 1528 Papa
679 1484 887 1520 Innocentio
923 1487 1108 1523 Ecelefiam

347 1529 488 1567 Montis
527 1531 696 1568 Defiderii
724 1534 795 1570 dari
825 1536 996 1574 Ecclesiae
1022 1539 1107 1575 Clu-

349 1581 519 1618 niacenfi.
550 1582 624 1631 Ipse
660 1588 742 1620 vero
779 1586 1000 1631 permistione
1035 1589 1108 1637 eju-

347 1630 440 1668 sdem
471 1634 583 1681 Papae
610 1633 807 1672 aedificavit
837 1638 1023 1675 Ecclesiam
1056 1640 1107 1688 ju-

347 1692 407 1718 xta
445 1685 608 1720 Montem
649 1686 864 1723 Peffulanum
893 1689 929 1724 in
968 1690 1108 1737 praedio

349 1746 366 1768 a
395 1734 567 1770 Wilclmo
601 1736 782 1773 Peffulano
818 1739 988 1776 Ecclefiae
1023 1742 1106 1778 Clu-

351 1784 498 1820 niacenfi
527 1786 631 1829 dato,
659 1788 752 1835 quod
780 1788 822 1825 de
849 1803 943 1826 novo
964 1800 1109 1829 vocatur

349 1833 566 1872 Cluniacus.
596 1839 804 1885 impetravit
839 1840 926 1876 item
964 1843 1006 1878 ab
1039 1844 1109 1879 Eu·

346 1885 451 1933 genio
485 1889 577 1934 Papa
613 1888 798 1924 Ecclesiam
837 1892 953 1928 sanai
989 1892 1107 1929 Theo-

346 1937 422 1972 dori
450 1937 492 1973 de
521 1940 636 1974 Rocca
664 1940 770 1976 Bovis
799 1942 912 1986 curti,
940 1943 1013 1979 dari
1043 1946 1107 1980 Ec-

348 1986 467 2024 clesiae
495 1990 737 2026 Cluniacenfi.
767 1993 923 2029 cessavit
951 1995 1107 2031 Abbatia

347 2038 585 2074 cluniacensis
624 2053 642 2074 a
679 2040 736 2076 die
774 2043 913 2079 Natalis
957 2045 1106 2081 Domini

348 2088 453 2136 usque
476 2091 591 2125 XVII.
615 2089 790 2127 calendas
812 2094 993 2130 Octobris.
1015 2098 1107 2132 Huic
1147 2088 1175 2122 E

348 2138 503 2174 succcffit
536 2142 691 2177 nonanus
720 2144 827 2190 Hugo
855 2144 919 2180 111.
950 2147 1105 2194 Burgun-

348 2190 401 2225 dia}
432 2200 557 2239 natu53
587 2196 734 2239 primum
766 2195 864 2230 Prior
883 2196 1105 2242 Claustralis‚

347 2241 458 2287 postea
491 2242 605 2277 Abbas
633 2242 763 2279 faetus.
791 2246 906 2290 Hujus
935 2251 1015 2283 vero
1040 2247 1106 2282 die-

347 2295 430 2337 bus,
459 2302 599 2328 mortuo
626 2294 808 2330 Hadriano
847 2297 960 2340 Papa,
997 2298 1105 2346 sepulae

347 2353 455 2392 toque
485 2346 617 2379 Romae
644 2344 681 2380 in
710 2345 855 2382 Eafilica
892 2347 1006 2383 Sanc'ii
1045 2351 1104 2384 Pe-

344 2397 413 2434 tri,
439 2395 555 2431 Pridie
579 2396 750 2431 calendas
777 2398 1008 2444 Septembri-³,
1031 2401 1104 2434 An-

342 2460 390 2482 no
417 2447 459 2482 ab
484 2447 726 2482 lncarnnione
753 2447 900 2483 Domini
928 2448 1104 2485 MCLIX.

342 2508 419 2533 orta
460 2497 503 2533 cst
549 2498 673 2532 seditio
716 2511 837 2545 magua
877 2499 912 2534 in
953 2500 1102 2537 Ecclesia

344 2549 411 2585 Dei
439 2558 578 2600 propter
607 2549 688 2585 duas
717 2549 924 2588 etechones.

1344 208 1380 247 C
1411 209 1448 247 L
1478 209 1516 247 U
1545 212 1595 248 N.
1853 218 1931 254 162

1283 262 1441 313 Eligitur
1476 265 1710 313 Alexander,
1747 266 1810 314 qui
1846 272 1876 303 &
1920 271 1988 306 Ro-

1232 313 1350 350 landus
1379 316 1641 362 Cancellarius,
1669 317 1812 356 natione
1834 319 1988 361 Tuscus,

1231 377 1248 399 a
1289 366 1471 402 nonnullis
1513 367 1788 406 Cardinalibus.
1831 372 1988 420 Eligitur

1230 414 1267 451 &
1306 415 1455 459 Viaor,
1492 417 1556 463 qui
1591 419 1624 453 &
1661 419 1900 465 Offiwimus,
1928 436 1986 459 na-

1229 467 1325 502 tione
1353 467 1564 503 Sabinenfis.
1593 470 1783 517 Imperator
1810 475 1891 508 vero
1916 476 1987 509 fri-

1228 516 1362 553 dericus
1384 544 1394 558 ,
1422 518 1482 566 qui
1520 528 1604 555 tunc
1640 515 1808 569 temporis
1845 524 1985 561 Italiam

1229 566 1286 603 fibi
1323 567 1550 618 subjugabat,
1586 569 1623 607 &
1662 572 1703 607 ad
1740 573 1837 621 cujus
1874 576 1986 621 Impe—

1227 618 1318 654 rium
1349 621 1527 656 Romanae
1554 622 1724 658 Ecclesiae
1755 624 1849 669 pacis
1879 625 1985 661 refor-

1228 669 1339 705 matio
1367 669 1520 718 speffiat,
1551 672 1639 719 apud
1672 673 1813 720 Papiam
1845 688 1986 725 congre-

1226 721 1303 767 gani
1340 723 1502 767 Synodo‚
1532 725 1672 758 vocavit
1700 733 1907 771 utrumque.
1935 729 1985 762 A-

1225 771 1392 807 lexander
1418 782 1535 808 autem
1564 786 1627 809 nec
1655 787 1715 823 per
1741 773 1800 817 se,
1836 788 1900 811 nee
1927 788 1986 824 per

1225 821 1432 870 responsales
1461 823 1536 858 suos
1573 823 1736 871 dignatus
1773 825 1817 861 est
1848 827 1984 863 accede-

1225 885 1278 907 re.
1307 873 1501 922 Imperator
1521 873 1642 922 itaque
1663 875 1780 912 audit-51
1806 876 1984 924 utriusque

1223 923 1417 964 emtione,
1447 924 1592 960 consilio
1619 926 1654 960 &
1682 926 1810 963 assensu
1846 927 1983 976 Episco-

1224 987 1368 1021 porum,
1405 975 1789 1024 Archiepiscoporum,
1826 979 1984 1014 Clerico-

1222 1039 1318 1069 rum,
1346 1031 1376 1060 &
1404 1026 1552 1062 aliorum
1581 1026 1763 1063 illustrium
1792 1030 1981 1073 Virorum,

1222 1079 1281 1123 qui
1316 1077 1511 1120 affuerunt,
1549 1077 1729 1113 Viaorem
1769 1080 1901 1114 Romae
1937 1080 1983 1114 E-

1222 1126 1399 1175 piscopum
1429 1127 1501 1163 fore
1529 1127 1764 1177 adjudicavit.
1791 1129 1897 1174 Quod
1923 1142 1982 1165 au-

1220 1177 1354 1214 dientes
1392 1178 1594 1214 Ludovicus
1633 1180 1706 1214 Rex
1744 1181 1980 1224 Francorum,

1220 1229 1252 1263 8<
1281 1229 1456 1265 Henricus
1487 1231 1561 1264 Rex
1589 1230 1811 1278 Angbrum,
1838 1229 1981 1266 consilio

1221 1279 1369 1315 Henrici
1398 1278 1634 1323 Beluacensis,
1655 1284 1686 1314 &
1707 1281 1857 1316 aliorum
1881 1282 1981 1317 Nun-

1220 1330 1431 1376 dofilorum,
1467 1329 1536 1365 five
1574 1330 1838 1374 Paterinorum,
1867 1340 1981 1379 partes

1225 1380 1414 1417 Alexandri
1442 1380 1734 1416 sustentaverunt.
1763 1382 1865 1416 Unde
1888 1381 1983 1416 Schi-

1223 1432 1329 1468 smata
1349 1432 1387 1468 in
1407 1431 1523 1467 san-Sia
1554 1433 1711 1466 Romana
1738 1430 1889 1467 Ecclesia
1912 1430 1982 1467 sur-

1220 1491 1383 1520 rexerunt
1411 1496 1481 1518 non
1509 1482 1675 1519 minima.

1270 1536 1317 1570 Et
1353 1533 1520 1580 quoniam
1557 1532 1599 1568 de
1636 1534 1795 1567 Romana
1829 1532 1981 1570 Ecclesia

1221 1584 1252 1621 se
1288 1583 1421 1620 occafio
1458 1583 1636 1630 praebuit,
1673 1584 1802 1618 bonum
1840 1582 1906 1622 est,
1939 1592 1980 1620 ut

1221 1636 1261 1672 de
1287 1636 1361 1684 ejus
1388 1633 1611 1670 ordinatione
1647 1641 1751 1680 atque
1786 1632 1979 1669 institutio-

1220 1700 1262 1722 ne
1293 1684 1428 1732 aliquid
1464 1684 1618 1719 dicatur.
1650 1682 1803 1718 Noverit
1839 1683 1978 1719 univer-

1220 1737 1298 1772 salis
1326 1734 1497 1774 Ecclesia,
1525 1738 1662 1782 Septem
1693 1732 1898 1769 Cardinales
1933 1736 1978 1769 E-

1221 1787 1376 1835 piscopos
1412 1785 1476 1821 effe
1513 1784 1549 1820 in
1588 1783 1699 1832 prima
1735 1783 1820 1819 Sede
1860 1784 1979 1821 33ηὲὶί

1221 1836 1409 1874 Salvatoris
1450 1834 1712 1872 Laterancnfis.
1754 1834 1892 1871 Primus
1929 1838 1979 1870 Ο.

1219 1888 1344 1924 ssiensis
1381 1886 1593 1935 Episcopus,
1629 1884 1693 1932 qui
1729 1884 1830 1920 debet
1865 1886 1982 1922 conse-

1219 1953 1312 1975 crare
1349 1937 1589 1987 Apostolicum
1630 1948 1710 1983 prae
1745 1935 1908 1972 omnibus
1937 1939 1979 1972 E-

1220 1989 1369 2037 piscopis
1406 1988 1505 2024 aliis:
1536 1986 1724 2035 Episcopus
1762 1986 1975 2023 Porruenfis:

1218 2040 1409 2087 'Episcopus
1437 2036 1663 2073 Albanenfis:
1693 2036 1883 2084 Episcopus
1922 2039 1977 2072 Sa-

1219 2089 1392 2127 binenfis:
1435 2087 1625 2135 Episcopus
1667 2086 1973 2123 Praenestinenfis:

1218 2141 1407 2183 Episcopus
1443 2137 1586 2174 sanciae
1626 2136 1790 2173 Rufinae:
1832 2137 1973 2184 Episco-

1218 2182 1278 2236 pus
1322 2190 1563 2226 Tusculanus.
1612 2187 1668 2223 Isti
1713 2187 1792 2223 sunt
1837 2187 1974 2225 Vicarii

1219 2242 1363 2279 Domini
1401 2242 1534 2287 Papae,
1569 2239 1601 2273 &
1640 2239 1766 2274 debent
1801 2239 1973 2275 celebrare

1216 2293 1337 2329 Missas
1372 2291 1410 2327 in
1452 2289 1654 2338 quibusdam
1698 2289 1898 2325 Dominicis
1937 2291 1970 2325 ἃ

1216 2344 1304 2380 festis
1340 2342 1459 2378 diebus
1486 2369 1495 2384 ,
1532 2340 1805 2387 Sanfflorumque
1843 2341 1972 2387 praeci-

1217 2396 1291 2439 puis
1319 2391 1623 2433 solemnitatibus.
1651 2393 1688 2427 in
1726 2391 1850 2426 Altare
1887 2393 1970 2427 San-

1215 2447 1263 2482 ffl
1292 2443 1481 2481 salvatoris
1509 2440 1744 2479 Lateranenfis
1773 2441 1943 2478 Ecclesiae
1961 2467 1970 2478 .

1214 2495 1440 2532 Oblationem
1483 2493 1650 2529 dividunt
1694 2505 1771 2528 eum
1819 2492 1971 2529 Clericis

1214 2546 1431 2591 Canonicis,
1472 2544 1535 2594 qui
1576 2543 1614 2580 in
1657 2543 1774 2580 eadem
1818 2543 1968 2628 Ecglefia

1890 2607 1920 2629 e-
