2237 3068
275 207 352 248 177

602 193 1048 232 PATAV

212 261 367 285 mentum
391 248 612 284 confirmavit
634 262 747 297 pacem
773 262 850 284 cum
872 251 969 284 Nun—
1013 252 1040 284 Α

213 300 267 335 tio
298 299 443 334 Domini
472 299 654 335 Sebastiani
682 302 709 334 Z
731 302 781 334 <lul
812 302 970 335 Venetia-

210 363 284 385 rum
319 351 448 389 Ducis,
475 350 508 384 δε
537 363 614 385 cum
645 351 808 386 omnibus
838 349 969 385 Succes-

211 400 343 436 soribus
373 399 462 435 suis.
491 402 536 436 Et
564 400 706 437 fundata
736 400 804 435 fuit
832 400 969 436 Civitas

210 449 448 487 Alexandriae
484 451 540 486 die
578 451 700 487 ossava
741 452 899 496 Aprilis.
926 453 971 486 Et

210 511 317 543 nota,
346 501 438 548 quod
467 509 624 549 tempore
656 502 864 537 Potest-atum
893 512 972 536 ante

209 550 358 597 scripta,
386 551 510 587 dicunt
537 561 675 599 tempus
703 552 887 587 eleeticnis
915 565 970 587 cu-

209 602 355 650 juslibet
388 602 588 643 Potestatis.
618 603 673 638 seu
705 602 883 639 Refioris,
913 613 972 638 aut

210 651 427 688 Consulum.
457 654 558 688 Unde
585 654 735 702 quilibet
765 652 972 690 Regiorum,

210 702 268 739 seu
314 702 459 739 Potestas
498 713 595 739 tenet
632 704 788 740 medium
826 707 969 738 Annum

211 753 290 790 suae
325 753 532 790 eleEiionim
563 753 601 791 &
638 754 792 790 medium
833 753 970 802 sequen-

211 813 310 852 tem;
338 805 420 851 quia
448 805 588 841 Eleffio
614 804 704 841 circa
734 804 867 840 Festum
893 807 966 839 San-

144 874 150 877 >
212 853 261 890 fil
294 854 388 890 Petri
415 855 456 891 de
482 858 585 900 Junio
613 865 696 891 tunc
725 854 851 890 fiebat.
889 855 972 890 Fuit

211 905 305 941 enim
336 904 478 941 fundata
502 906 643 942 Civitas
673 905 889 941 Alexandria
915 919 972 951 per

212 957 487 999 Cremonenses,
513 957 546 991 δι
591 956 814 992 Placentinos
851 965 971 992 contra

212 1005 420 1052 Papienses.
447 1007 480 1041 &
509 1015 549 1041 ut
575 1007 618 1042 ab
650 1007 851 1041 Alexandro
883 1009 972 1054 Papa

210 1054 373 1091 famosior
398 1055 617 1095 efficeretur,
639 1056 891 1092 Alexandriam
914 1070 965 1103 ap-

210 1105 429 1154 pellaverunt
455 1131 464 1146 ‚
500 1107 535 1142 &
570 1105 643 1155 ipse
683 1105 717 1142 ei
757 1106 969 1156 Episcopum

209 1156 387 1193 contulit.

497 1219 512 1244 1
547 1219 563 1244 1
593 1219 618 1256 7
647 1218 681 1254 ς.

259 1256 436 1294 Dominus
465 1258 633 1294 Albertus
660 1259 701 1295 de
729 1258 797 1294 Osa
824 1258 864 1295 cie
893 1258 969 1294 Me-

208 1306 352 1344 diolano
381 1308 514 1357 primus
554 1309 702 1345 Potestas
735 1310 867 1345 paduae
897 1312 968 1344 An-

210 1371 258 1393 no
286 1371 375 1394 uno.
404 1361 457 1394 Eo
485 1370 642 1407 ternpore
670 1360 864 1407 praeeligi-us
891 1362 971 1395 Fre—

208 1407 346 1444 dericus
385 1410 579 1456 Imperator
615 1410 881 1458 persequebatur
912 1412 971 1445 Pa-

208 1471 289 1506 pam
327 1460 569 1495 Alexandrum
608 1460 797 1505 Tertium,
826 1462 858 1495 8<
888 1469 971 1496 tunc

209 1510 351 1545 vivebat
380 1511 496 1546 Abbas
524 1510 724 1554 joachimus
754 1514 786 1546 in
817 1512 970 1559 Apulia,

208 1559 243 1594 8(
275 1561 395 1596 Petrus
423 1561 624 1601 comestor,
651 1562 684 1595 &
715 1564 833 1598 Petrus
861 1565 968 1599 Lom—

210 1609 356 1655 bardus,
373 1613 430 1659 qui
452 1611 645 1656 composuit
665 1612 806 1648 Librum
828 1614 970 1649 Senten-
996 1607 1043 1640 -Β

210 1659 340 1696 riarum
361 1688 371 1706 ‚
397 1662 554 1698 Maximi
585 1662 755 1699 Dofflores
789 1664 826 1699 in
854 1664 968 1701 Theo-

210 1710 326 1760 logia.

493 1775 507 1798 1
545 1775 559 1799 1
592 1776 615 1811 7
644 1764 678 1799 6.

262 1811 437 1848 Dominus
479 1812 629 1861 Ugonus
673 1814 714 1850 de
754 1813 970 1856 Canavolis,

210 1862 385 1898 Dominus
425 1863 557 1899 Azinus
603 1865 644 1899 de
686 1865 971 1913 Tanselgardinis

209 1913 316 1951 Cives
348 1913 481 1949 paduae
509 1914 678 1950 Consules
707 1925 871 1952 rexerunt
912 1919 969 1952 Pa-

207 1964 331 1999 duam.
360 1966 406 2000 Et
434 1979 475 2000 eo
503 1974 660 2012 tempore
689 1965 870 2002 aedificata
900 1967 967 2003 fuit

210 2015 461 2062 Montegalda,
490 2020 520 2050 <Sc
561 2016 752 2063 Imperator
789 2018 970 2054 federicus
997 2053 998 2060 ,

208 2063 417 2107 εοηῧέξὶυε,
463 2070 491 2100 5<
534 2066 726 2102 debellatus
768 2068 805 2103 in
847 2063 999 2118 campo³

209 2128 269 2165 per
297 2117 536 2153 Lomharaics.

501 2180 514 2202 1
553 2179 565 2202 1
597 2180 620 2215 7
649 2179 684 2214 7.

260 2216 431 2253 Dominus
469 2218 585 2254 O‘u'zo
624 2218 787 2254 Marchio
824 2219 865 2255 de
895 2220 970 2256 Este

208 2268 301 2304 rexit
329 2269 478 2304 Paduam
499 2296 506 2304 .
529 2272 581 2305 Eo
610 2278 766 2315 tempore
794 2270 830 2305 in
860 2273 968 2307 Vene-

209 2319 270 2354 riis
299 2328 378 2355 ante
406 2320 592 2356 Ecclesiam
632 2320 751 2356 Sanffli
781 2323 891 2356 Marci
924 2322 969 2357 fa-

208 2369 263 2404 sta
291 2369 359 2405 fuit
387 2372 574 2407 concordia
603 2370 697 2407 inter
727 2373 853 2417 Papam
886 2373 966 2408 Ale-

210 2419 376 2455 xandrum
419 2422 583 2458 Tertium
613 2450 623 2464 ,
665 2421 702 2457 &
747 2423 967 2459 Fredericum

212 2469 458 2516 Imperatorem
499 2473 535 2508 in
573 2473 653 2509 festo
695 2473 811 2509 saneti
849 2475 967 2517 jacohi

206 2520 366 2569 Apostoli
393 2522 434 2558 de
460 2524 554 2568 Julio
574 2549 584 2566 ,
613 2524 776 2561 existente
805 2525 967 2562 Sebai'zia-
995 2558 1001 2569 ,

1015 2067 1044 2100 tn

1100 189 1448 228 1NUM.
1702 190 1781 243 ηε

1084 258 1130 280 no
1157 244 1259 281 Ziani
1289 248 1385 281 Duce
1423 244 1678 282 Venetiarum:
1709 248 1754 282 Et
1791 247 1844 283 di-

1084 296 1196 333 citur,
1223 296 1316 344 quod
1347 297 1436 341 Papa
1466 296 1579 345 posuit
1608 296 1726 344 pedem
1747 296 1846 345 supet

1085 347 1214 381 collum
1258 346 1509 393 Imperatoris,
1546 348 1578 383 8<
1621 346 1712 383 dixit
1753 347 1847 384 hune

1086 396 1257 432 Versum:
1289 402 1389 442 Super
1415 397 1574 443 aspidem,
1601 397 1646 436 σίν
1675 397 1846 445 basiliftum

1085 447 1282 491 ambulabis,
1310 454 1354 486 (J
1390 447 1581 483 conculcabis
1611 453 1770 488 Leonem,
1798 449 1846 487 ψ’

1086 502 1284 533 Draconem.
1313 498 1507 546 Imperator
1533 498 1735 549 respondit.
1762 500 1803 534 N
1806 511 1845 536 ote

1083 547 1150 583 tibi
1165 575 1175 592 ‚
1192 547 1255 597 sed
1277 551 1400 586 Petro.

1374 612 1390 636 1
1426 612 1442 636 t
1472 613 1496 648 7
1525 602 1558 637 8.

1134 649 1305 687 Dominus
1347 650 1464 687 Obizo
1511 650 1704 699 praedifihis
1749 650 1845 688 rexit

1086 701 1234 736 Paduam
1257 728 1266 737 .
1303 702 1356 737 Eo
1393 712 1550 748 tempore
1589 711 1728 747 captum
1773 701 1844 738 fuit

1083 753 1238 799 Goegum
1276 765 1335 800 per
1373 752 1576 787 Paduanos.
1614 754 1660 788 Et
1697 752 1843 800 quidam

1083 803 1218 837 Turcus
1256 805 1396 839 nomine
1434 802 1614 838 Saladinus
1651 803 1744 851 cepit
1785 805 1845 838 Se-

1085 853 1261 896 pulcrum,
1289 857 1318 887 δι
1349 852 1500 896 Achon‚
1527 857 1557 887 ἃ
1586 853 1709 889 multas
1736 852 1845 889 Chri-

1083 902 1267 938 stianorum
1297 903 1456 940 obtinuit
1482 903 1678 939 Civitates.
1706 905 1752 939 Et
1789 903 1845 939 di-

1082 952 1174 988 citur
1201 952 1298 989 fuiffe
1334 954 1541 990 translatum
1580 966 1704 1001 corpus
1742 953 1845 991 Beati.

1082 1003 1248 1050 Stephani
1278 1006 1548 1050 Protomartyris
1577 1005 1623 1040 de*
1644 1003 1844 1041 Constanti-

1082 1053 1203 1099 nopoli
1232 1057 1265 1088 in
1288 1056 1471 1091 Venetias.
1500 1057 1546 1091 Et
1578 1057 1666 1102 Papa
1688 1056 1844 1092 Alexan-

1083 1103 1141 1138 der
1168 1104 1314 1140 Tertius
1342 1105 1523 1152 prohibuit
1560 1105 1845 1151 Mercatoribus,

1081 1153 1117 1189 ἃ
1149 1153 1359 1192 Christianis
1385 1155 1424 1192 in
1461 1155 1684 1194 Lateranensi
1712 1156 1845 1194 Conci-

1081 1205 1131 1240 lio
1153 1206 1262 1242 Arma
1282 1207 1315 1242 &
1336 1207 1466 1244 auxilia
1487 1207 1610 1244 deferri
1630 1209 1844 1245 Sarracenis.

1372 1270 1386 1294 1
1423 1271 1437 1294 1
1469 1270 1492 1306 7
1519 1271 1553 1307 9.

1131 1307 1304 1344 Dominus
1341 1309 1541 1346 Gulielmus
1577 1309 1760 1358 Tempesta
1799 1308 1842 1346 de

1081 1357 1251 1393 Trivixio
1282 1359 1430 1395 Potestas
1460 1359 1613 1397 Paduae.
1636 1364 1689 1397 Eo
1712 1373 1843 1409 tempo-

1081 1421 1115 1443 re
1151 1407 1220 1444 fuit
1256 1410 1465 1446 celebratum
1508 1413 1667 1459 generale
1707 1411 1842 1448 Conci-

1081 1458 1165 1494 lium
1208 1461 1295 1508 apud
1338 1462 1583 1505 Lateranum,
1623 1464 1656 1498 &
1699 1472 1841 1510 captum

1081 1508 1150 1545 fuit
1177 1510 1329 1558 Burgum
1361 1511 1511 1547 Richum
1542 1525 1600 1558 per
1635 1513 1842 1555 Padmnos,

1081 1561 1248 1607 quoniam
1275 1561 1355 1610 ipsis
1382 1562 1594 1599 rebellabat.

1371 1626 1387 1649 π
1422 1625 1437 1648 1
1471 1615 1492 1649 8
1521 1624 1554 1649 0.

1132 1661 1305 1698 Dominus
1335 1664 1540 1714 Aldrigetus
1576 1664 1618 1701 de
1646 1664 1761 1703 Padua
1791 1679 1843 1703 re-

1081 1715 1131 1749 xit
1162 1715 1335 1750 Paduam.

1372 1778 1387 1801 1
1422 1778 1436 1801 1
1470 1768 1490 1802 8
1525 1777 1555 1802 1.

1132 1814 1306 1850 Dominus
1346 1816 1519 1858 Johannes
1560 1818 1602 1854 de
1642 1816 1841 1854 Limizoni-

1082 1864 1163 1903 bus,
1203 1865 1374 1901 Dominus
1411 1867 1562 1904 Ziliolus
1598 1868 1640 1905 de
1674 1868 1841 1913 Similia,

1083 1915 1257 1950 Dominus
1298 1917 1498 1953 Gulielmus
1544 1919 1585 1955 de
1630 1921 1840 1966 Compagno

1081 1966 1187 2001 Cives
1219 1967 1371 2002 Paduani
1399 1968 1568 2005 Consules
1592 1980 1756 2006 rexerunt
1778 1972 1841 2005 Pa-

1081 2016 1205 2052 duam.
1234 2019 1287 2052 Eo
1316 2027 1473 2066 tempore
1508 2020 1550 2055 de
1586 2019 1709 2056 issense
1737 2023 1841 2066 Apri-

1081 2066 1125 2101 lis
1153 2066 1287 2112 incepit
1324 2069 1477 2104 maxima
1515 2069 1689 2113 Caristia,
1717 2072 1750 2105 δι
1778 2071 1861 2106 du-·

1081 2116 1172 2152 ravit
1200 2117 1304 2165 usque
1331 2119 1373 2154 ad
1400 2119 1543 2155 Meffem
1560 2148 1570 2164 ,
1598 2123 1629 2156 8<
1661 2120 1728 2157 fuit
1756 2122 1842 2156 vali-

1081 2167 1121 2202 da
1159 2167 1292 2211 fames,
1329 2169 1379 2205 ita
1417 2170 1509 2217 quod
1548 2171 1687 2221 furgum
1728 2171 1841 2208 valuit

1081 2218 1211 2255 solidos
1239 2221 1316 2256 XL.
1345 2233 1550 2268 parvorum.

1372 2283 1386 2306 1
1423 2284 1437 2307 1
1471 2274 1491 2308 8
1523 2285 1554 2308 2.

1132 2319 1306 2356 Dominus
1339 2320 1469 2358 Comes
1502 2323 1746 2360 Mansredinus
1776 2321 1841 2360 Ci-

1082 2369 1135 2406 vis
1167 2371 1344 2408 Paduanus
1372 2375 1462 2408 rexit
1492 2374 1662 2411 Paduam.

1373 2435 1387 2459 1
1424 2436 1437 2460 1
1472 2427 1492 2460 8
1522 2438 1554 2472 3.

1133 2472 1307 2509 Dominus
1345 2474 1632 2517 Dalefmaninus.
1663 2473 1839 2511 Dominus

1081 2523 1392 2574 Tranl'algardinus
1420 2526 1526 2562 Cives
1565 2527 1715 2562 Paduam
1744 2537 1838 2561 rexe-

1677 2585 1788 2627 xunt3
